%YAML 1.1
%TAG !u! tag:unity3d.com,2011:
--- !u!29 &1
OcclusionCullingSettings:
  m_ObjectHideFlags: 0
  serializedVersion: 2
  m_OcclusionBakeSettings:
    smallestOccluder: 5
    smallestHole: 0.25
    backfaceThreshold: 100
  m_SceneGUID: 00000000000000000000000000000000
  m_OcclusionCullingData: {fileID: 0}
--- !u!104 &2
RenderSettings:
  m_ObjectHideFlags: 0
  serializedVersion: 8
  m_Fog: 0
  m_FogColor: {r: 0.5, g: 0.5, b: 0.5, a: 1}
  m_FogMode: 3
  m_FogDensity: 0.01
  m_LinearFogStart: 0
  m_LinearFogEnd: 300
  m_AmbientSkyColor: {r: 0.212, g: 0.227, b: 0.259, a: 1}
  m_AmbientEquatorColor: {r: 0.114, g: 0.125, b: 0.133, a: 1}
  m_AmbientGroundColor: {r: 0.047, g: 0.043, b: 0.035, a: 1}
  m_AmbientIntensity: 1
  m_AmbientMode: 0
  m_SubtractiveShadowColor: {r: 0.42, g: 0.478, b: 0.627, a: 1}
  m_SkyboxMaterial: {fileID: 2100000, guid: c18c59a415290284b9bcdf29a4f41a76, type: 2}
  m_HaloStrength: 0.5
  m_FlareStrength: 1
  m_FlareFadeSpeed: 3
  m_HaloTexture: {fileID: 0}
  m_SpotCookie: {fileID: 10001, guid: 0000000000000000e000000000000000, type: 0}
  m_DefaultReflectionMode: 0
  m_DefaultReflectionResolution: 128
  m_ReflectionBounces: 1
  m_ReflectionIntensity: 1
  m_CustomReflection: {fileID: 0}
  m_Sun: {fileID: 0}
  m_IndirectSpecularColor: {r: 0.45437324, g: 0.4615252, b: 0.45341235, a: 1}
--- !u!157 &3
LightmapSettings:
  m_ObjectHideFlags: 0
  serializedVersion: 11
  m_GIWorkflowMode: 0
  m_GISettings:
    serializedVersion: 2
    m_BounceScale: 1
    m_IndirectOutputScale: 1
    m_AlbedoBoost: 1
    m_TemporalCoherenceThreshold: 1
    m_EnvironmentLightingMode: 0
    m_EnableBakedLightmaps: 1
    m_EnableRealtimeLightmaps: 1
  m_LightmapEditorSettings:
    serializedVersion: 9
    m_Resolution: 2
    m_BakeResolution: 40
    m_TextureWidth: 1024
    m_TextureHeight: 1024
    m_AO: 0
    m_AOMaxDistance: 1
    m_CompAOExponent: 1
    m_CompAOExponentDirect: 0
    m_Padding: 2
    m_LightmapParameters: {fileID: 0}
    m_LightmapsBakeMode: 1
    m_TextureCompression: 1
    m_FinalGather: 0
    m_FinalGatherFiltering: 1
    m_FinalGatherRayCount: 256
    m_ReflectionCompression: 2
    m_MixedBakeMode: 2
    m_BakeBackend: 0
    m_PVRSampling: 1
    m_PVRDirectSampleCount: 32
    m_PVRSampleCount: 500
    m_PVRBounces: 2
    m_PVRFilterTypeDirect: 0
    m_PVRFilterTypeIndirect: 0
    m_PVRFilterTypeAO: 0
    m_PVRFilteringMode: 1
    m_PVRCulling: 1
    m_PVRFilteringGaussRadiusDirect: 1
    m_PVRFilteringGaussRadiusIndirect: 5
    m_PVRFilteringGaussRadiusAO: 2
    m_PVRFilteringAtrousPositionSigmaDirect: 0.5
    m_PVRFilteringAtrousPositionSigmaIndirect: 2
    m_PVRFilteringAtrousPositionSigmaAO: 1
    m_ShowResolutionOverlay: 1
  m_LightingDataAsset: {fileID: 0}
  m_UseShadowmask: 1
--- !u!196 &4
NavMeshSettings:
  serializedVersion: 2
  m_ObjectHideFlags: 0
  m_BuildSettings:
    serializedVersion: 2
    agentTypeID: 0
    agentRadius: 0.5
    agentHeight: 2
    agentSlope: 45
    agentClimb: 0.4
    ledgeDropHeight: 0
    maxJumpAcrossDistance: 0
    minRegionArea: 2
    manualCellSize: 0
    cellSize: 0.16666667
    manualTileSize: 0
    tileSize: 256
    accuratePlacement: 0
    debug:
      m_Flags: 0
  m_NavMeshData: {fileID: 0}
--- !u!1 &307942044
GameObject:
  m_ObjectHideFlags: 0
  m_PrefabParentObject: {fileID: 0}
  m_PrefabInternal: {fileID: 0}
  serializedVersion: 5
  m_Component:
  - component: {fileID: 307942046}
  - component: {fileID: 307942045}
  - component: {fileID: 307942047}
  m_Layer: 0
  m_Name: FrameEventManager
  m_TagString: Untagged
  m_Icon: {fileID: 0}
  m_NavMeshLayer: 0
  m_StaticEditorFlags: 0
  m_IsActive: 1
--- !u!114 &307942045
MonoBehaviour:
  m_ObjectHideFlags: 0
  m_PrefabParentObject: {fileID: 0}
  m_PrefabInternal: {fileID: 0}
  m_GameObject: {fileID: 307942044}
  m_Enabled: 1
  m_EditorHideFlags: 0
  m_Script: {fileID: 11500000, guid: eed2aaecf5332ae4eb08ce503e3105a1, type: 3}
  m_Name: 
  m_EditorClassIdentifier: 
--- !u!4 &307942046
Transform:
  m_ObjectHideFlags: 0
  m_PrefabParentObject: {fileID: 0}
  m_PrefabInternal: {fileID: 0}
  m_GameObject: {fileID: 307942044}
  m_LocalRotation: {x: 0, y: 0, z: 0, w: 1}
  m_LocalPosition: {x: -0.027954902, y: 0.002032537, z: 0.2667418}
  m_LocalScale: {x: 1, y: 1, z: 1}
  m_Children: []
  m_Father: {fileID: 0}
  m_RootOrder: 2
  m_LocalEulerAnglesHint: {x: 0, y: 0, z: 0}
--- !u!114 &307942047
MonoBehaviour:
  m_ObjectHideFlags: 0
  m_PrefabParentObject: {fileID: 0}
  m_PrefabInternal: {fileID: 0}
  m_GameObject: {fileID: 307942044}
  m_Enabled: 1
  m_EditorHideFlags: 0
  m_Script: {fileID: 11500000, guid: 9001240adaa90334eb76993bd6fb535c, type: 3}
  m_Name: 
  m_EditorClassIdentifier: 
--- !u!1 &696082372
GameObject:
  m_ObjectHideFlags: 0
  m_PrefabParentObject: {fileID: 0}
  m_PrefabInternal: {fileID: 0}
  serializedVersion: 5
  m_Component:
  - component: {fileID: 696082374}
  - component: {fileID: 696082373}
  - component: {fileID: 696082376}
  - component: {fileID: 696082375}
  m_Layer: 0
  m_Name: Video Manager
  m_TagString: Untagged
  m_Icon: {fileID: 0}
  m_NavMeshLayer: 0
  m_StaticEditorFlags: 0
  m_IsActive: 1
--- !u!328 &696082373
VideoPlayer:
  m_ObjectHideFlags: 0
  m_PrefabParentObject: {fileID: 0}
  m_PrefabInternal: {fileID: 0}
  m_GameObject: {fileID: 696082372}
  m_Enabled: 1
  m_VideoClip: {fileID: 0}
  m_TargetCameraAlpha: 1
  m_TargetCamera3DLayout: 0
  m_TargetCamera: {fileID: 0}
  m_TargetTexture: {fileID: 8400000, guid: 40aa4ee77e0236e43af0eeaa42590e96, type: 2}
  m_TimeReference: 0
  m_TargetMaterialRenderer: {fileID: 0}
  m_TargetMaterialProperty: _MainTex
  m_RenderMode: 2
  m_AspectRatio: 2
  m_DataSource: 0
  m_PlaybackSpeed: 1
  m_AudioOutputMode: 1
  m_TargetAudioSources: []
  m_DirectAudioVolumes: []
  m_Url: www.boybouw.nl/videos/video1.mp4
  m_EnabledAudioTracks: 
  m_DirectAudioMutes: 
  m_ControlledAudioTrackCount: 0
  m_PlayOnAwake: 0
  m_SkipOnDrop: 1
  m_Looping: 0
  m_WaitForFirstFrame: 1
  m_FrameReadyEventEnabled: 0
--- !u!4 &696082374
Transform:
  m_ObjectHideFlags: 0
  m_PrefabParentObject: {fileID: 0}
  m_PrefabInternal: {fileID: 0}
  m_GameObject: {fileID: 696082372}
  m_LocalRotation: {x: 0, y: 0, z: 0, w: 1}
  m_LocalPosition: {x: 0, y: 0, z: 0}
  m_LocalScale: {x: 1, y: 1, z: 1}
  m_Children: []
  m_Father: {fileID: 0}
  m_RootOrder: 4
  m_LocalEulerAnglesHint: {x: 0, y: 0, z: 0}
--- !u!114 &696082375
MonoBehaviour:
  m_ObjectHideFlags: 0
  m_PrefabParentObject: {fileID: 0}
  m_PrefabInternal: {fileID: 0}
  m_GameObject: {fileID: 696082372}
  m_Enabled: 1
  m_EditorHideFlags: 0
  m_Script: {fileID: 11500000, guid: 23b0c6b2f54402742a7348630a7f231c, type: 3}
  m_Name: 
  m_EditorClassIdentifier: 
  droppedframes: 0
  droppedframestext: {fileID: 0}
--- !u!82 &696082376
AudioSource:
  m_ObjectHideFlags: 0
  m_PrefabParentObject: {fileID: 0}
  m_PrefabInternal: {fileID: 0}
  m_GameObject: {fileID: 696082372}
  m_Enabled: 1
  serializedVersion: 4
  OutputAudioMixerGroup: {fileID: 0}
  m_audioClip: {fileID: 0}
  m_PlayOnAwake: 0
  m_Volume: 0.64
  m_Pitch: 1
  Loop: 0
  Mute: 0
  Spatialize: 0
  SpatializePostEffects: 0
  Priority: 128
  DopplerLevel: 1
  MinDistance: 0
  MaxDistance: 500
  Pan2D: 0
  rolloffMode: 1
  BypassEffects: 0
  BypassListenerEffects: 0
  BypassReverbZones: 0
  rolloffCustomCurve:
    serializedVersion: 2
    m_Curve:
    - serializedVersion: 2
      time: 0
      value: 1
      inSlope: 0
      outSlope: 0
      tangentMode: 0
    - serializedVersion: 2
      time: 1
      value: 0
      inSlope: 0
      outSlope: 0
      tangentMode: 0
    m_PreInfinity: 2
    m_PostInfinity: 2
    m_RotationOrder: 4
  panLevelCustomCurve:
    serializedVersion: 2
    m_Curve:
    - serializedVersion: 2
      time: 0
      value: 0
      inSlope: 0
      outSlope: 0
      tangentMode: 0
    m_PreInfinity: 2
    m_PostInfinity: 2
    m_RotationOrder: 0
  spreadCustomCurve:
    serializedVersion: 2
    m_Curve:
    - serializedVersion: 2
      time: 0
      value: 0
      inSlope: 0
      outSlope: 0
      tangentMode: 0
    m_PreInfinity: 2
    m_PostInfinity: 2
    m_RotationOrder: 0
  reverbZoneMixCustomCurve:
    serializedVersion: 2
    m_Curve:
    - serializedVersion: 2
      time: 0
      value: 1
      inSlope: 0
      outSlope: 0
      tangentMode: 0
    m_PreInfinity: 2
    m_PostInfinity: 2
    m_RotationOrder: 0
--- !u!1001 &1099292000
Prefab:
  m_ObjectHideFlags: 0
  serializedVersion: 2
  m_Modification:
    m_TransformParent: {fileID: 0}
    m_Modifications:
    - target: {fileID: 4006504080871468, guid: 30b09ad37ac75324b988922a65df1e23, type: 2}
      propertyPath: m_LocalPosition.x
      value: -0.38
      objectReference: {fileID: 0}
    - target: {fileID: 4006504080871468, guid: 30b09ad37ac75324b988922a65df1e23, type: 2}
      propertyPath: m_LocalPosition.y
      value: 1.07
      objectReference: {fileID: 0}
    - target: {fileID: 4006504080871468, guid: 30b09ad37ac75324b988922a65df1e23, type: 2}
      propertyPath: m_LocalPosition.z
      value: 0.32
      objectReference: {fileID: 0}
    - target: {fileID: 4006504080871468, guid: 30b09ad37ac75324b988922a65df1e23, type: 2}
      propertyPath: m_LocalRotation.x
      value: 0
      objectReference: {fileID: 0}
    - target: {fileID: 4006504080871468, guid: 30b09ad37ac75324b988922a65df1e23, type: 2}
      propertyPath: m_LocalRotation.y
      value: -0.019022875
      objectReference: {fileID: 0}
    - target: {fileID: 4006504080871468, guid: 30b09ad37ac75324b988922a65df1e23, type: 2}
      propertyPath: m_LocalRotation.z
      value: 0
      objectReference: {fileID: 0}
    - target: {fileID: 4006504080871468, guid: 30b09ad37ac75324b988922a65df1e23, type: 2}
      propertyPath: m_LocalRotation.w
      value: 0.99981904
      objectReference: {fileID: 0}
    - target: {fileID: 4006504080871468, guid: 30b09ad37ac75324b988922a65df1e23, type: 2}
      propertyPath: m_RootOrder
      value: 6
      objectReference: {fileID: 0}
    - target: {fileID: 1515939273408860, guid: 30b09ad37ac75324b988922a65df1e23, type: 2}
      propertyPath: m_IsActive
      value: 1
      objectReference: {fileID: 0}
    - target: {fileID: 114132111587916504, guid: 30b09ad37ac75324b988922a65df1e23,
        type: 2}
      propertyPath: m_Color.r
      value: 0.7607844
      objectReference: {fileID: 0}
    - target: {fileID: 114132111587916504, guid: 30b09ad37ac75324b988922a65df1e23,
        type: 2}
      propertyPath: m_Color.g
      value: 0.7607844
      objectReference: {fileID: 0}
    - target: {fileID: 114132111587916504, guid: 30b09ad37ac75324b988922a65df1e23,
        type: 2}
      propertyPath: m_Color.b
      value: 0.7607844
      objectReference: {fileID: 0}
    - target: {fileID: 114047980617492398, guid: 30b09ad37ac75324b988922a65df1e23,
        type: 2}
      propertyPath: m_Color.r
      value: 0.7607844
      objectReference: {fileID: 0}
    - target: {fileID: 114047980617492398, guid: 30b09ad37ac75324b988922a65df1e23,
        type: 2}
      propertyPath: m_Color.g
      value: 0.7607844
      objectReference: {fileID: 0}
    - target: {fileID: 114047980617492398, guid: 30b09ad37ac75324b988922a65df1e23,
        type: 2}
      propertyPath: m_Color.b
      value: 0.7607844
      objectReference: {fileID: 0}
    - target: {fileID: 114725679859468552, guid: 30b09ad37ac75324b988922a65df1e23,
        type: 2}
      propertyPath: m_Color.r
      value: 0.7607844
      objectReference: {fileID: 0}
    - target: {fileID: 114725679859468552, guid: 30b09ad37ac75324b988922a65df1e23,
        type: 2}
      propertyPath: m_Color.g
      value: 0.7607844
      objectReference: {fileID: 0}
    - target: {fileID: 114725679859468552, guid: 30b09ad37ac75324b988922a65df1e23,
        type: 2}
      propertyPath: m_Color.b
      value: 0.7607844
      objectReference: {fileID: 0}
    - target: {fileID: 114982613030706024, guid: 30b09ad37ac75324b988922a65df1e23,
        type: 2}
      propertyPath: m_Color.r
      value: 0.7607844
      objectReference: {fileID: 0}
    - target: {fileID: 114982613030706024, guid: 30b09ad37ac75324b988922a65df1e23,
        type: 2}
      propertyPath: m_Color.g
      value: 0.7607844
      objectReference: {fileID: 0}
    - target: {fileID: 114982613030706024, guid: 30b09ad37ac75324b988922a65df1e23,
        type: 2}
      propertyPath: m_Color.b
      value: 0.7607844
      objectReference: {fileID: 0}
    - target: {fileID: 114005834400939700, guid: 30b09ad37ac75324b988922a65df1e23,
        type: 2}
      propertyPath: m_Color.r
      value: 0.7607844
      objectReference: {fileID: 0}
    - target: {fileID: 114005834400939700, guid: 30b09ad37ac75324b988922a65df1e23,
        type: 2}
      propertyPath: m_Color.g
      value: 0.7607844
      objectReference: {fileID: 0}
    - target: {fileID: 114005834400939700, guid: 30b09ad37ac75324b988922a65df1e23,
        type: 2}
      propertyPath: m_Color.b
      value: 0.7607844
      objectReference: {fileID: 0}
    - target: {fileID: 114113838024025464, guid: 30b09ad37ac75324b988922a65df1e23,
        type: 2}
      propertyPath: m_Color.r
      value: 0.7607844
      objectReference: {fileID: 0}
    - target: {fileID: 114113838024025464, guid: 30b09ad37ac75324b988922a65df1e23,
        type: 2}
      propertyPath: m_Color.g
      value: 0.7607844
      objectReference: {fileID: 0}
    - target: {fileID: 114113838024025464, guid: 30b09ad37ac75324b988922a65df1e23,
        type: 2}
      propertyPath: m_Color.b
      value: 0.7607844
      objectReference: {fileID: 0}
    - target: {fileID: 114329170393069688, guid: 30b09ad37ac75324b988922a65df1e23,
        type: 2}
      propertyPath: m_Color.r
      value: 0.7607844
      objectReference: {fileID: 0}
    - target: {fileID: 114329170393069688, guid: 30b09ad37ac75324b988922a65df1e23,
        type: 2}
      propertyPath: m_Color.g
      value: 0.7607844
      objectReference: {fileID: 0}
    - target: {fileID: 114329170393069688, guid: 30b09ad37ac75324b988922a65df1e23,
        type: 2}
      propertyPath: m_Color.b
      value: 0.7607844
      objectReference: {fileID: 0}
    - target: {fileID: 114876206279956776, guid: 30b09ad37ac75324b988922a65df1e23,
        type: 2}
      propertyPath: m_Color.r
      value: 0.7607844
      objectReference: {fileID: 0}
    - target: {fileID: 114876206279956776, guid: 30b09ad37ac75324b988922a65df1e23,
        type: 2}
      propertyPath: m_Color.g
      value: 0.7607844
      objectReference: {fileID: 0}
    - target: {fileID: 114876206279956776, guid: 30b09ad37ac75324b988922a65df1e23,
        type: 2}
      propertyPath: m_Color.b
      value: 0.7607844
      objectReference: {fileID: 0}
    - target: {fileID: 114132111587916504, guid: 30b09ad37ac75324b988922a65df1e23,
        type: 2}
      propertyPath: m_Color.a
      value: 0
      objectReference: {fileID: 0}
    - target: {fileID: 114047980617492398, guid: 30b09ad37ac75324b988922a65df1e23,
        type: 2}
      propertyPath: m_Color.a
      value: 0
      objectReference: {fileID: 0}
    - target: {fileID: 114725679859468552, guid: 30b09ad37ac75324b988922a65df1e23,
        type: 2}
      propertyPath: m_Color.a
      value: 0
      objectReference: {fileID: 0}
    - target: {fileID: 114982613030706024, guid: 30b09ad37ac75324b988922a65df1e23,
        type: 2}
      propertyPath: m_Color.a
      value: 0
      objectReference: {fileID: 0}
    - target: {fileID: 114005834400939700, guid: 30b09ad37ac75324b988922a65df1e23,
        type: 2}
      propertyPath: m_Color.a
      value: 0
      objectReference: {fileID: 0}
    - target: {fileID: 114113838024025464, guid: 30b09ad37ac75324b988922a65df1e23,
        type: 2}
      propertyPath: m_Color.a
      value: 0
      objectReference: {fileID: 0}
    - target: {fileID: 114329170393069688, guid: 30b09ad37ac75324b988922a65df1e23,
        type: 2}
      propertyPath: m_Color.a
      value: 0
      objectReference: {fileID: 0}
    - target: {fileID: 114876206279956776, guid: 30b09ad37ac75324b988922a65df1e23,
        type: 2}
      propertyPath: m_Color.a
      value: 0
      objectReference: {fileID: 0}
    m_RemovedComponents: []
  m_ParentPrefab: {fileID: 100100000, guid: 30b09ad37ac75324b988922a65df1e23, type: 2}
  m_IsPrefabParent: 0
--- !u!1 &1270365445
GameObject:
  m_ObjectHideFlags: 0
  m_PrefabParentObject: {fileID: 0}
  m_PrefabInternal: {fileID: 0}
  serializedVersion: 5
  m_Component:
  - component: {fileID: 1270365447}
  - component: {fileID: 1270365446}
  m_Layer: 0
  m_Name: ScenarioContainer
  m_TagString: Untagged
  m_Icon: {fileID: 0}
  m_NavMeshLayer: 0
  m_StaticEditorFlags: 0
  m_IsActive: 1
--- !u!114 &1270365446
MonoBehaviour:
  m_ObjectHideFlags: 0
  m_PrefabParentObject: {fileID: 0}
  m_PrefabInternal: {fileID: 0}
  m_GameObject: {fileID: 1270365445}
  m_Enabled: 1
  m_EditorHideFlags: 0
  m_Script: {fileID: 11500000, guid: 2dc280d7a5f856b4b96b474b902a49ff, type: 3}
  m_Name: 
  m_EditorClassIdentifier: 
--- !u!4 &1270365447
Transform:
  m_ObjectHideFlags: 0
  m_PrefabParentObject: {fileID: 0}
  m_PrefabInternal: {fileID: 0}
  m_GameObject: {fileID: 1270365445}
  m_LocalRotation: {x: 0, y: 0, z: 0, w: 1}
  m_LocalPosition: {x: 0, y: 0, z: 0}
  m_LocalScale: {x: 1, y: 1, z: 1}
  m_Children: []
  m_Father: {fileID: 0}
  m_RootOrder: 7
  m_LocalEulerAnglesHint: {x: 0, y: 0, z: 0}
--- !u!1001 &1279443584
Prefab:
  m_ObjectHideFlags: 0
  serializedVersion: 2
  m_Modification:
    m_TransformParent: {fileID: 0}
    m_Modifications:
    - target: {fileID: 498412, guid: 970dd4b9371394fb4890965f608d46fd, type: 2}
      propertyPath: m_LocalPosition.x
      value: 0
      objectReference: {fileID: 0}
    - target: {fileID: 498412, guid: 970dd4b9371394fb4890965f608d46fd, type: 2}
      propertyPath: m_LocalPosition.y
      value: 0
      objectReference: {fileID: 0}
    - target: {fileID: 498412, guid: 970dd4b9371394fb4890965f608d46fd, type: 2}
      propertyPath: m_LocalPosition.z
      value: -2
      objectReference: {fileID: 0}
    - target: {fileID: 498412, guid: 970dd4b9371394fb4890965f608d46fd, type: 2}
      propertyPath: m_LocalRotation.x
      value: 0
      objectReference: {fileID: 0}
    - target: {fileID: 498412, guid: 970dd4b9371394fb4890965f608d46fd, type: 2}
      propertyPath: m_LocalRotation.y
      value: 0
      objectReference: {fileID: 0}
    - target: {fileID: 498412, guid: 970dd4b9371394fb4890965f608d46fd, type: 2}
      propertyPath: m_LocalRotation.z
      value: 0
      objectReference: {fileID: 0}
    - target: {fileID: 498412, guid: 970dd4b9371394fb4890965f608d46fd, type: 2}
      propertyPath: m_LocalRotation.w
      value: 1
      objectReference: {fileID: 0}
    - target: {fileID: 498412, guid: 970dd4b9371394fb4890965f608d46fd, type: 2}
      propertyPath: m_RootOrder
      value: 0
      objectReference: {fileID: 0}
    - target: {fileID: 177758, guid: 970dd4b9371394fb4890965f608d46fd, type: 2}
      propertyPath: m_IsActive
      value: 1
      objectReference: {fileID: 0}
    m_RemovedComponents: []
  m_ParentPrefab: {fileID: 100100000, guid: 970dd4b9371394fb4890965f608d46fd, type: 2}
  m_IsPrefabParent: 0
--- !u!1001 &1310568694
Prefab:
  m_ObjectHideFlags: 0
  serializedVersion: 2
  m_Modification:
    m_TransformParent: {fileID: 0}
    m_Modifications:
    - target: {fileID: 4564007654404410, guid: 47223dce5bb284b2c845662700eb25ca, type: 2}
      propertyPath: m_LocalPosition.x
      value: 0
      objectReference: {fileID: 0}
    - target: {fileID: 4564007654404410, guid: 47223dce5bb284b2c845662700eb25ca, type: 2}
      propertyPath: m_LocalPosition.y
      value: 1
      objectReference: {fileID: 0}
    - target: {fileID: 4564007654404410, guid: 47223dce5bb284b2c845662700eb25ca, type: 2}
      propertyPath: m_LocalPosition.z
      value: 0
      objectReference: {fileID: 0}
    - target: {fileID: 4564007654404410, guid: 47223dce5bb284b2c845662700eb25ca, type: 2}
      propertyPath: m_LocalRotation.x
      value: 0
      objectReference: {fileID: 0}
    - target: {fileID: 4564007654404410, guid: 47223dce5bb284b2c845662700eb25ca, type: 2}
      propertyPath: m_LocalRotation.y
      value: 0
      objectReference: {fileID: 0}
    - target: {fileID: 4564007654404410, guid: 47223dce5bb284b2c845662700eb25ca, type: 2}
      propertyPath: m_LocalRotation.z
      value: 0
      objectReference: {fileID: 0}
    - target: {fileID: 4564007654404410, guid: 47223dce5bb284b2c845662700eb25ca, type: 2}
      propertyPath: m_LocalRotation.w
      value: 1
      objectReference: {fileID: 0}
    - target: {fileID: 4564007654404410, guid: 47223dce5bb284b2c845662700eb25ca, type: 2}
      propertyPath: m_RootOrder
      value: 5
      objectReference: {fileID: 0}
    - target: {fileID: 1205571571680062, guid: 47223dce5bb284b2c845662700eb25ca, type: 2}
      propertyPath: m_IsActive
      value: 1
      objectReference: {fileID: 0}
    m_RemovedComponents: []
  m_ParentPrefab: {fileID: 100100000, guid: 47223dce5bb284b2c845662700eb25ca, type: 2}
  m_IsPrefabParent: 0
--- !u!1 &1347400282
GameObject:
  m_ObjectHideFlags: 0
  m_PrefabParentObject: {fileID: 0}
  m_PrefabInternal: {fileID: 0}
  serializedVersion: 5
  m_Component:
  - component: {fileID: 1347400285}
  - component: {fileID: 1347400284}
  - component: {fileID: 1347400283}
  m_Layer: 0
  m_Name: SFXManager
  m_TagString: Untagged
  m_Icon: {fileID: 0}
  m_NavMeshLayer: 0
  m_StaticEditorFlags: 0
  m_IsActive: 1
--- !u!82 &1347400283
AudioSource:
  m_ObjectHideFlags: 0
  m_PrefabParentObject: {fileID: 0}
  m_PrefabInternal: {fileID: 0}
  m_GameObject: {fileID: 1347400282}
  m_Enabled: 1
  serializedVersion: 4
  OutputAudioMixerGroup: {fileID: 0}
  m_audioClip: {fileID: 8300000, guid: ee280fabe019d4546b991b4def51ec7b, type: 3}
  m_PlayOnAwake: 0
  m_Volume: 1
  m_Pitch: 1
  Loop: 0
  Mute: 0
  Spatialize: 0
  SpatializePostEffects: 0
  Priority: 128
  DopplerLevel: 1
  MinDistance: 1
  MaxDistance: 500
  Pan2D: 0
  rolloffMode: 0
  BypassEffects: 0
  BypassListenerEffects: 0
  BypassReverbZones: 0
  rolloffCustomCurve:
    serializedVersion: 2
    m_Curve:
    - serializedVersion: 2
      time: 0
      value: 1
      inSlope: 0
      outSlope: 0
      tangentMode: 0
    - serializedVersion: 2
      time: 1
      value: 0
      inSlope: 0
      outSlope: 0
      tangentMode: 0
    m_PreInfinity: 2
    m_PostInfinity: 2
    m_RotationOrder: 4
  panLevelCustomCurve:
    serializedVersion: 2
    m_Curve:
    - serializedVersion: 2
      time: 0
      value: 0
      inSlope: 0
      outSlope: 0
      tangentMode: 0
    m_PreInfinity: 2
    m_PostInfinity: 2
    m_RotationOrder: 0
  spreadCustomCurve:
    serializedVersion: 2
    m_Curve:
    - serializedVersion: 2
      time: 0
      value: 0
      inSlope: 0
      outSlope: 0
      tangentMode: 0
    m_PreInfinity: 2
    m_PostInfinity: 2
    m_RotationOrder: 0
  reverbZoneMixCustomCurve:
    serializedVersion: 2
    m_Curve:
    - serializedVersion: 2
      time: 0
      value: 1
      inSlope: 0
      outSlope: 0
      tangentMode: 0
    m_PreInfinity: 2
    m_PostInfinity: 2
    m_RotationOrder: 0
--- !u!114 &1347400284
MonoBehaviour:
  m_ObjectHideFlags: 0
  m_PrefabParentObject: {fileID: 0}
  m_PrefabInternal: {fileID: 0}
  m_GameObject: {fileID: 1347400282}
  m_Enabled: 1
  m_EditorHideFlags: 0
  m_Script: {fileID: 11500000, guid: a9d1fdf047e6f524da3f837c1544692f, type: 3}
  m_Name: 
  m_EditorClassIdentifier: 
  completedPopUp: {fileID: 8300000, guid: ee280fabe019d4546b991b4def51ec7b, type: 3}
  newPopUp: {fileID: 8300000, guid: f4cb77fb135335f418d8b2281a5c560f, type: 3}
  wrongAnswer: {fileID: 8300000, guid: 98ed5b8580f2c354d8fa56164a4c73ea, type: 3}
  hover: {fileID: 8300000, guid: ac085777aab28d34b9fc01f27e06c9f8, type: 3}
--- !u!4 &1347400285
Transform:
  m_ObjectHideFlags: 0
  m_PrefabParentObject: {fileID: 0}
  m_PrefabInternal: {fileID: 0}
  m_GameObject: {fileID: 1347400282}
  m_LocalRotation: {x: 0, y: 0, z: 0, w: 1}
  m_LocalPosition: {x: 1.5194969, y: -0.36679983, z: 1.9264469}
  m_LocalScale: {x: 1, y: 1, z: 1}
  m_Children: []
  m_Father: {fileID: 0}
  m_RootOrder: 3
  m_LocalEulerAnglesHint: {x: 0, y: 0, z: 0}
--- !u!1001 &2121152268
Prefab:
  m_ObjectHideFlags: 0
  serializedVersion: 2
  m_Modification:
    m_TransformParent: {fileID: 0}
    m_Modifications:
    - target: {fileID: 766346198, guid: 463285ecd6702471a909ba810832bf0e, type: 2}
      propertyPath: m_LocalPosition.x
      value: 0
      objectReference: {fileID: 0}
    - target: {fileID: 766346198, guid: 463285ecd6702471a909ba810832bf0e, type: 2}
      propertyPath: m_LocalPosition.y
      value: 0
      objectReference: {fileID: 0}
    - target: {fileID: 766346198, guid: 463285ecd6702471a909ba810832bf0e, type: 2}
      propertyPath: m_LocalPosition.z
      value: 0
      objectReference: {fileID: 0}
    - target: {fileID: 766346198, guid: 463285ecd6702471a909ba810832bf0e, type: 2}
      propertyPath: m_LocalRotation.x
      value: 0
      objectReference: {fileID: 0}
    - target: {fileID: 766346198, guid: 463285ecd6702471a909ba810832bf0e, type: 2}
      propertyPath: m_LocalRotation.y
      value: 0
      objectReference: {fileID: 0}
    - target: {fileID: 766346198, guid: 463285ecd6702471a909ba810832bf0e, type: 2}
      propertyPath: m_LocalRotation.z
      value: 0
      objectReference: {fileID: 0}
    - target: {fileID: 766346198, guid: 463285ecd6702471a909ba810832bf0e, type: 2}
      propertyPath: m_LocalRotation.w
      value: 1
      objectReference: {fileID: 0}
    - target: {fileID: 766346198, guid: 463285ecd6702471a909ba810832bf0e, type: 2}
      propertyPath: m_RootOrder
      value: 1
      objectReference: {fileID: 0}
    m_RemovedComponents: []
  m_ParentPrefab: {fileID: 100100000, guid: 463285ecd6702471a909ba810832bf0e, type: 2}
  m_IsPrefabParent: 0
