%YAML 1.1
%TAG !u! tag:unity3d.com,2011:
--- !u!29 &1
OcclusionCullingSettings:
  m_ObjectHideFlags: 0
  serializedVersion: 2
  m_OcclusionBakeSettings:
    smallestOccluder: 5
    smallestHole: 0.25
    backfaceThreshold: 100
  m_SceneGUID: 00000000000000000000000000000000
  m_OcclusionCullingData: {fileID: 0}
--- !u!104 &2
RenderSettings:
  m_ObjectHideFlags: 0
  serializedVersion: 8
  m_Fog: 0
  m_FogColor: {r: 0.5, g: 0.5, b: 0.5, a: 1}
  m_FogMode: 3
  m_FogDensity: 0.01
  m_LinearFogStart: 0
  m_LinearFogEnd: 300
  m_AmbientSkyColor: {r: 0.212, g: 0.227, b: 0.259, a: 1}
  m_AmbientEquatorColor: {r: 0.114, g: 0.125, b: 0.133, a: 1}
  m_AmbientGroundColor: {r: 0.047, g: 0.043, b: 0.035, a: 1}
  m_AmbientIntensity: 1
  m_AmbientMode: 0
  m_SubtractiveShadowColor: {r: 0.42, g: 0.478, b: 0.627, a: 1}
  m_SkyboxMaterial: {fileID: 2100000, guid: c18c59a415290284b9bcdf29a4f41a76, type: 2}
  m_HaloStrength: 0.5
  m_FlareStrength: 1
  m_FlareFadeSpeed: 3
  m_HaloTexture: {fileID: 0}
  m_SpotCookie: {fileID: 10001, guid: 0000000000000000e000000000000000, type: 0}
  m_DefaultReflectionMode: 0
  m_DefaultReflectionResolution: 128
  m_ReflectionBounces: 1
  m_ReflectionIntensity: 1
  m_CustomReflection: {fileID: 0}
  m_Sun: {fileID: 0}
  m_IndirectSpecularColor: {r: 0, g: 0, b: 0, a: 1}
--- !u!157 &3
LightmapSettings:
  m_ObjectHideFlags: 0
  serializedVersion: 11
  m_GIWorkflowMode: 0
  m_GISettings:
    serializedVersion: 2
    m_BounceScale: 1
    m_IndirectOutputScale: 1
    m_AlbedoBoost: 1
    m_TemporalCoherenceThreshold: 1
    m_EnvironmentLightingMode: 0
    m_EnableBakedLightmaps: 1
    m_EnableRealtimeLightmaps: 1
  m_LightmapEditorSettings:
    serializedVersion: 9
    m_Resolution: 2
    m_BakeResolution: 40
    m_TextureWidth: 1024
    m_TextureHeight: 1024
    m_AO: 0
    m_AOMaxDistance: 1
    m_CompAOExponent: 1
    m_CompAOExponentDirect: 0
    m_Padding: 2
    m_LightmapParameters: {fileID: 0}
    m_LightmapsBakeMode: 1
    m_TextureCompression: 1
    m_FinalGather: 0
    m_FinalGatherFiltering: 1
    m_FinalGatherRayCount: 256
    m_ReflectionCompression: 2
    m_MixedBakeMode: 2
    m_BakeBackend: 0
    m_PVRSampling: 1
    m_PVRDirectSampleCount: 32
    m_PVRSampleCount: 500
    m_PVRBounces: 2
    m_PVRFilterTypeDirect: 0
    m_PVRFilterTypeIndirect: 0
    m_PVRFilterTypeAO: 0
    m_PVRFilteringMode: 1
    m_PVRCulling: 1
    m_PVRFilteringGaussRadiusDirect: 1
    m_PVRFilteringGaussRadiusIndirect: 5
    m_PVRFilteringGaussRadiusAO: 2
    m_PVRFilteringAtrousPositionSigmaDirect: 0.5
    m_PVRFilteringAtrousPositionSigmaIndirect: 2
    m_PVRFilteringAtrousPositionSigmaAO: 1
    m_ShowResolutionOverlay: 1
  m_LightingDataAsset: {fileID: 0}
  m_UseShadowmask: 1
--- !u!196 &4
NavMeshSettings:
  serializedVersion: 2
  m_ObjectHideFlags: 0
  m_BuildSettings:
    serializedVersion: 2
    agentTypeID: 0
    agentRadius: 0.5
    agentHeight: 2
    agentSlope: 45
    agentClimb: 0.4
    ledgeDropHeight: 0
    maxJumpAcrossDistance: 0
    minRegionArea: 2
    manualCellSize: 0
    cellSize: 0.16666667
    manualTileSize: 0
    tileSize: 256
    accuratePlacement: 0
    debug:
      m_Flags: 0
  m_NavMeshData: {fileID: 0}
--- !u!1 &30143797
GameObject:
  m_ObjectHideFlags: 0
  m_PrefabParentObject: {fileID: 1233072376152000, guid: 30b09ad37ac75324b988922a65df1e23,
    type: 2}
  m_PrefabInternal: {fileID: 0}
  serializedVersion: 5
  m_Component:
  - component: {fileID: 30143798}
  - component: {fileID: 30143805}
  - component: {fileID: 30143804}
  - component: {fileID: 30143803}
  - component: {fileID: 30143802}
  - component: {fileID: 30143801}
  - component: {fileID: 30143800}
  - component: {fileID: 30143799}
  m_Layer: 0
  m_Name: Canvas
  m_TagString: Untagged
  m_Icon: {fileID: 0}
  m_NavMeshLayer: 0
  m_StaticEditorFlags: 0
  m_IsActive: 1
--- !u!224 &30143798
RectTransform:
  m_ObjectHideFlags: 0
  m_PrefabParentObject: {fileID: 224632367343492900, guid: 30b09ad37ac75324b988922a65df1e23,
    type: 2}
  m_PrefabInternal: {fileID: 0}
  m_GameObject: {fileID: 30143797}
  m_LocalRotation: {x: 0, y: 0, z: 0, w: 1}
  m_LocalPosition: {x: 0, y: 0, z: 1.74}
  m_LocalScale: {x: 1, y: 1, z: 1}
  m_Children: []
  m_Father: {fileID: 492984716}
  m_RootOrder: 0
  m_LocalEulerAnglesHint: {x: 0, y: 0, z: 0}
  m_AnchorMin: {x: 0.5, y: 0.5}
  m_AnchorMax: {x: 0.5, y: 0.5}
  m_AnchoredPosition: {x: 4.25, y: -0.89850783}
  m_SizeDelta: {x: 1.1524, y: 0.5477}
  m_Pivot: {x: 0.5, y: 0.5}
--- !u!114 &30143799
MonoBehaviour:
  m_ObjectHideFlags: 0
  m_PrefabParentObject: {fileID: 114665619768855112, guid: 30b09ad37ac75324b988922a65df1e23,
    type: 2}
  m_PrefabInternal: {fileID: 0}
  m_GameObject: {fileID: 30143797}
  m_Enabled: 1
  m_EditorHideFlags: 0
  m_Script: {fileID: 11500000, guid: 2867575edab82c64c964e50fd98af49e, type: 3}
  m_Name: 
  m_EditorClassIdentifier: 
  timeToComplete: 0.3
--- !u!114 &30143800
MonoBehaviour:
  m_ObjectHideFlags: 0
  m_PrefabParentObject: {fileID: 114702200222371642, guid: 30b09ad37ac75324b988922a65df1e23,
    type: 2}
  m_PrefabInternal: {fileID: 0}
  m_GameObject: {fileID: 30143797}
  m_Enabled: 1
  m_EditorHideFlags: 0
  m_Script: {fileID: -1862395651, guid: f70555f144d8491a825f0804e09c671c, type: 3}
  m_Name: 
  m_EditorClassIdentifier: 
  m_Delegates:
  - eventID: 0
    callback:
      m_PersistentCalls:
        m_Calls:
        - m_Target: {fileID: 30143799}
          m_MethodName: OnGazeOver
          m_Mode: 1
          m_Arguments:
            m_ObjectArgument: {fileID: 0}
            m_ObjectArgumentAssemblyTypeName: UnityEngine.Object, UnityEngine
            m_IntArgument: 0
            m_FloatArgument: 0
            m_StringArgument: 
            m_BoolArgument: 0
          m_CallState: 2
      m_TypeName: UnityEngine.EventSystems.EventTrigger+TriggerEvent, UnityEngine.UI,
        Version=1.0.0.0, Culture=neutral, PublicKeyToken=null
  - eventID: 1
    callback:
      m_PersistentCalls:
        m_Calls:
        - m_Target: {fileID: 30143799}
          m_MethodName: OnGazeOut
          m_Mode: 1
          m_Arguments:
            m_ObjectArgument: {fileID: 0}
            m_ObjectArgumentAssemblyTypeName: UnityEngine.Object, UnityEngine
            m_IntArgument: 0
            m_FloatArgument: 0
            m_StringArgument: 
            m_BoolArgument: 0
          m_CallState: 2
      m_TypeName: UnityEngine.EventSystems.EventTrigger+TriggerEvent, UnityEngine.UI,
        Version=1.0.0.0, Culture=neutral, PublicKeyToken=null
  delegates: []
--- !u!114 &30143801
MonoBehaviour:
  m_ObjectHideFlags: 0
  m_PrefabParentObject: {fileID: 114005834400939700, guid: 30b09ad37ac75324b988922a65df1e23,
    type: 2}
  m_PrefabInternal: {fileID: 0}
  m_GameObject: {fileID: 30143797}
  m_Enabled: 1
  m_EditorHideFlags: 0
  m_Script: {fileID: -765806418, guid: f70555f144d8491a825f0804e09c671c, type: 3}
  m_Name: 
  m_EditorClassIdentifier: 
  m_Material: {fileID: 0}
  m_Color: {r: 1, g: 1, b: 1, a: 0}
  m_RaycastTarget: 1
  m_OnCullStateChanged:
    m_PersistentCalls:
      m_Calls: []
    m_TypeName: UnityEngine.UI.MaskableGraphic+CullStateChangedEvent, UnityEngine.UI,
      Version=1.0.0.0, Culture=neutral, PublicKeyToken=null
  m_Sprite: {fileID: 0}
  m_Type: 1
  m_PreserveAspect: 0
  m_FillCenter: 1
  m_FillMethod: 4
  m_FillAmount: 1
  m_FillClockwise: 1
  m_FillOrigin: 0
--- !u!222 &30143802
CanvasRenderer:
  m_ObjectHideFlags: 0
  m_PrefabParentObject: {fileID: 222147077362226234, guid: 30b09ad37ac75324b988922a65df1e23,
    type: 2}
  m_PrefabInternal: {fileID: 0}
  m_GameObject: {fileID: 30143797}
--- !u!114 &30143803
MonoBehaviour:
  m_ObjectHideFlags: 0
  m_PrefabParentObject: {fileID: 114409966440183790, guid: 30b09ad37ac75324b988922a65df1e23,
    type: 2}
  m_PrefabInternal: {fileID: 0}
  m_GameObject: {fileID: 30143797}
  m_Enabled: 1
  m_EditorHideFlags: 0
  m_Script: {fileID: 11500000, guid: 739800cd36aba44e9b04ce977e5784bd, type: 3}
  m_Name: 
  m_EditorClassIdentifier: 
  ignoreReversedGraphics: 1
  blockingObjects: 0
  blockingMask:
    serializedVersion: 2
    m_Bits: 4294967295
--- !u!114 &30143804
MonoBehaviour:
  m_ObjectHideFlags: 0
  m_PrefabParentObject: {fileID: 114186692928212622, guid: 30b09ad37ac75324b988922a65df1e23,
    type: 2}
  m_PrefabInternal: {fileID: 0}
  m_GameObject: {fileID: 30143797}
  m_Enabled: 1
  m_EditorHideFlags: 0
  m_Script: {fileID: 1980459831, guid: f70555f144d8491a825f0804e09c671c, type: 3}
  m_Name: 
  m_EditorClassIdentifier: 
  m_UiScaleMode: 0
  m_ReferencePixelsPerUnit: 100
  m_ScaleFactor: 1
  m_ReferenceResolution: {x: 800, y: 600}
  m_ScreenMatchMode: 0
  m_MatchWidthOrHeight: 0
  m_PhysicalUnit: 3
  m_FallbackScreenDPI: 96
  m_DefaultSpriteDPI: 96
  m_DynamicPixelsPerUnit: 1
--- !u!223 &30143805
Canvas:
  m_ObjectHideFlags: 0
  m_PrefabParentObject: {fileID: 223200985214859180, guid: 30b09ad37ac75324b988922a65df1e23,
    type: 2}
  m_PrefabInternal: {fileID: 0}
  m_GameObject: {fileID: 30143797}
  m_Enabled: 1
  serializedVersion: 3
  m_RenderMode: 2
  m_Camera: {fileID: 0}
  m_PlaneDistance: 100
  m_PixelPerfect: 0
  m_ReceivesEvents: 1
  m_OverrideSorting: 0
  m_OverridePixelPerfect: 0
  m_SortingBucketNormalizedSize: 0
  m_AdditionalShaderChannelsFlag: 0
  m_SortingLayerID: 0
  m_SortingOrder: 0
  m_TargetDisplay: 0
--- !u!1 &307942044
GameObject:
  m_ObjectHideFlags: 0
  m_PrefabParentObject: {fileID: 0}
  m_PrefabInternal: {fileID: 0}
  serializedVersion: 5
  m_Component:
  - component: {fileID: 307942046}
  - component: {fileID: 307942045}
  m_Layer: 0
  m_Name: FrameEventManager
  m_TagString: Untagged
  m_Icon: {fileID: 0}
  m_NavMeshLayer: 0
  m_StaticEditorFlags: 0
  m_IsActive: 1
--- !u!114 &307942045
MonoBehaviour:
  m_ObjectHideFlags: 0
  m_PrefabParentObject: {fileID: 0}
  m_PrefabInternal: {fileID: 0}
  m_GameObject: {fileID: 307942044}
  m_Enabled: 1
  m_EditorHideFlags: 0
  m_Script: {fileID: 11500000, guid: eed2aaecf5332ae4eb08ce503e3105a1, type: 3}
  m_Name: 
  m_EditorClassIdentifier: 
--- !u!4 &307942046
Transform:
  m_ObjectHideFlags: 0
  m_PrefabParentObject: {fileID: 0}
  m_PrefabInternal: {fileID: 0}
  m_GameObject: {fileID: 307942044}
  m_LocalRotation: {x: 0, y: 0, z: 0, w: 1}
  m_LocalPosition: {x: -0.027954902, y: 0.002032537, z: 0.2667418}
  m_LocalScale: {x: 1, y: 1, z: 1}
  m_Children: []
  m_Father: {fileID: 0}
  m_RootOrder: 2
  m_LocalEulerAnglesHint: {x: 0, y: 0, z: 0}
--- !u!1 &367872978
GameObject:
  m_ObjectHideFlags: 0
  m_PrefabParentObject: {fileID: 1637579511750018, guid: 30b09ad37ac75324b988922a65df1e23,
    type: 2}
  m_PrefabInternal: {fileID: 0}
  serializedVersion: 5
  m_Component:
  - component: {fileID: 367872979}
  m_Layer: 0
  m_Name: Overlays
  m_TagString: Untagged
  m_Icon: {fileID: 0}
  m_NavMeshLayer: 0
  m_StaticEditorFlags: 0
  m_IsActive: 1
--- !u!4 &367872979
Transform:
  m_ObjectHideFlags: 0
  m_PrefabParentObject: {fileID: 4006504080871468, guid: 30b09ad37ac75324b988922a65df1e23,
    type: 2}
  m_PrefabInternal: {fileID: 0}
  m_GameObject: {fileID: 367872978}
  m_LocalRotation: {x: 0, y: -0.019022875, z: 0, w: 0.99981904}
  m_LocalPosition: {x: -0.38, y: 1.07, z: 0.32}
  m_LocalScale: {x: 1, y: 1, z: 1}
  m_Children:
  - {fileID: 1778132507}
  - {fileID: 1986428156}
  - {fileID: 460594722}
  - {fileID: 419467710}
  - {fileID: 1348643092}
  - {fileID: 615470383}
  - {fileID: 1966263820}
  - {fileID: 492984716}
  - {fileID: 1768957019}
  - {fileID: 741710825}
  - {fileID: 678930908}
  m_Father: {fileID: 0}
  m_RootOrder: 6
  m_LocalEulerAnglesHint: {x: 0, y: -2.18, z: 0}
--- !u!1 &419467709
GameObject:
  m_ObjectHideFlags: 0
  m_PrefabParentObject: {fileID: 1889337718008930, guid: 30b09ad37ac75324b988922a65df1e23,
    type: 2}
  m_PrefabInternal: {fileID: 0}
  serializedVersion: 5
  m_Component:
  - component: {fileID: 419467710}
  m_Layer: 0
  m_Name: RechtsBreed
  m_TagString: Untagged
  m_Icon: {fileID: 0}
  m_NavMeshLayer: 0
  m_StaticEditorFlags: 0
  m_IsActive: 1
--- !u!4 &419467710
Transform:
  m_ObjectHideFlags: 0
  m_PrefabParentObject: {fileID: 4257180303008878, guid: 30b09ad37ac75324b988922a65df1e23,
    type: 2}
  m_PrefabInternal: {fileID: 0}
  m_GameObject: {fileID: 419467709}
  m_LocalRotation: {x: -0, y: -0, z: -0, w: 1}
  m_LocalPosition: {x: 0, y: 0, z: 0}
  m_LocalScale: {x: 1, y: 1, z: 1}
  m_Children:
  - {fileID: 2049006181}
  m_Father: {fileID: 367872979}
  m_RootOrder: 3
  m_LocalEulerAnglesHint: {x: 0, y: 0, z: 0}
--- !u!1 &460594721
GameObject:
  m_ObjectHideFlags: 0
  m_PrefabParentObject: {fileID: 1782456689843734, guid: 30b09ad37ac75324b988922a65df1e23,
    type: 2}
  m_PrefabInternal: {fileID: 0}
  serializedVersion: 5
  m_Component:
  - component: {fileID: 460594722}
  m_Layer: 0
  m_Name: RechterSchouder
  m_TagString: Untagged
  m_Icon: {fileID: 0}
  m_NavMeshLayer: 0
  m_StaticEditorFlags: 0
  m_IsActive: 1
--- !u!4 &460594722
Transform:
  m_ObjectHideFlags: 0
  m_PrefabParentObject: {fileID: 4105411931914488, guid: 30b09ad37ac75324b988922a65df1e23,
    type: 2}
  m_PrefabInternal: {fileID: 0}
  m_GameObject: {fileID: 460594721}
  m_LocalRotation: {x: -0, y: -0, z: -0, w: 1}
  m_LocalPosition: {x: 0, y: 0, z: 1}
  m_LocalScale: {x: 1, y: 1, z: 1}
  m_Children:
  - {fileID: 1168913824}
  m_Father: {fileID: 367872979}
  m_RootOrder: 2
  m_LocalEulerAnglesHint: {x: 0, y: 0, z: 0}
--- !u!1 &492984715
GameObject:
  m_ObjectHideFlags: 0
  m_PrefabParentObject: {fileID: 1667183472218692, guid: 30b09ad37ac75324b988922a65df1e23,
    type: 2}
  m_PrefabInternal: {fileID: 0}
  serializedVersion: 5
  m_Component:
  - component: {fileID: 492984716}
  m_Layer: 0
  m_Name: RechterSpiegel
  m_TagString: Untagged
  m_Icon: {fileID: 0}
  m_NavMeshLayer: 0
  m_StaticEditorFlags: 0
  m_IsActive: 1
--- !u!4 &492984716
Transform:
  m_ObjectHideFlags: 0
  m_PrefabParentObject: {fileID: 4151054923983920, guid: 30b09ad37ac75324b988922a65df1e23,
    type: 2}
  m_PrefabInternal: {fileID: 0}
  m_GameObject: {fileID: 492984715}
  m_LocalRotation: {x: -0, y: -0, z: -0, w: 1}
  m_LocalPosition: {x: 0, y: 0, z: 0}
  m_LocalScale: {x: 1, y: 1, z: 1}
  m_Children:
  - {fileID: 30143798}
  m_Father: {fileID: 367872979}
  m_RootOrder: 7
  m_LocalEulerAnglesHint: {x: 0, y: 0, z: 0}
--- !u!1 &495479572
GameObject:
  m_ObjectHideFlags: 0
  m_PrefabParentObject: {fileID: 1984402980051930, guid: 30b09ad37ac75324b988922a65df1e23,
    type: 2}
  m_PrefabInternal: {fileID: 0}
  serializedVersion: 5
  m_Component:
  - component: {fileID: 495479573}
  - component: {fileID: 495479580}
  - component: {fileID: 495479579}
  - component: {fileID: 495479578}
  - component: {fileID: 495479577}
  - component: {fileID: 495479576}
  - component: {fileID: 495479575}
  - component: {fileID: 495479574}
  m_Layer: 0
  m_Name: Canvas
  m_TagString: Untagged
  m_Icon: {fileID: 0}
  m_NavMeshLayer: 0
  m_StaticEditorFlags: 0
  m_IsActive: 1
--- !u!224 &495479573
RectTransform:
  m_ObjectHideFlags: 0
  m_PrefabParentObject: {fileID: 224999231266712360, guid: 30b09ad37ac75324b988922a65df1e23,
    type: 2}
  m_PrefabInternal: {fileID: 0}
  m_GameObject: {fileID: 495479572}
  m_LocalRotation: {x: 0, y: 0, z: 0, w: 1}
  m_LocalPosition: {x: 0, y: 0, z: 3.54}
  m_LocalScale: {x: 1, y: 1, z: 1}
  m_Children: []
  m_Father: {fileID: 1966263820}
  m_RootOrder: 0
  m_LocalEulerAnglesHint: {x: 0, y: 0, z: 0}
  m_AnchorMin: {x: 0.5, y: 0.5}
  m_AnchorMax: {x: 0.5, y: 0.5}
  m_AnchoredPosition: {x: -2.6, y: -1.0895125}
  m_SizeDelta: {x: 1.389, y: 0.579}
  m_Pivot: {x: 0.5, y: 0.5}
--- !u!114 &495479574
MonoBehaviour:
  m_ObjectHideFlags: 0
  m_PrefabParentObject: {fileID: 114679586052122260, guid: 30b09ad37ac75324b988922a65df1e23,
    type: 2}
  m_PrefabInternal: {fileID: 0}
  m_GameObject: {fileID: 495479572}
  m_Enabled: 1
  m_EditorHideFlags: 0
  m_Script: {fileID: 11500000, guid: 2867575edab82c64c964e50fd98af49e, type: 3}
  m_Name: 
  m_EditorClassIdentifier: 
  timeToComplete: 0.3
--- !u!114 &495479575
MonoBehaviour:
  m_ObjectHideFlags: 0
  m_PrefabParentObject: {fileID: 114965836297620174, guid: 30b09ad37ac75324b988922a65df1e23,
    type: 2}
  m_PrefabInternal: {fileID: 0}
  m_GameObject: {fileID: 495479572}
  m_Enabled: 1
  m_EditorHideFlags: 0
  m_Script: {fileID: -1862395651, guid: f70555f144d8491a825f0804e09c671c, type: 3}
  m_Name: 
  m_EditorClassIdentifier: 
  m_Delegates:
  - eventID: 0
    callback:
      m_PersistentCalls:
        m_Calls:
        - m_Target: {fileID: 495479574}
          m_MethodName: OnGazeOver
          m_Mode: 1
          m_Arguments:
            m_ObjectArgument: {fileID: 0}
            m_ObjectArgumentAssemblyTypeName: UnityEngine.Object, UnityEngine
            m_IntArgument: 0
            m_FloatArgument: 0
            m_StringArgument: 
            m_BoolArgument: 0
          m_CallState: 2
      m_TypeName: UnityEngine.EventSystems.EventTrigger+TriggerEvent, UnityEngine.UI,
        Version=1.0.0.0, Culture=neutral, PublicKeyToken=null
  - eventID: 1
    callback:
      m_PersistentCalls:
        m_Calls:
        - m_Target: {fileID: 495479574}
          m_MethodName: OnGazeOut
          m_Mode: 1
          m_Arguments:
            m_ObjectArgument: {fileID: 0}
            m_ObjectArgumentAssemblyTypeName: UnityEngine.Object, UnityEngine
            m_IntArgument: 0
            m_FloatArgument: 0
            m_StringArgument: 
            m_BoolArgument: 0
          m_CallState: 2
      m_TypeName: UnityEngine.EventSystems.EventTrigger+TriggerEvent, UnityEngine.UI,
        Version=1.0.0.0, Culture=neutral, PublicKeyToken=null
  delegates: []
--- !u!114 &495479576
MonoBehaviour:
  m_ObjectHideFlags: 0
  m_PrefabParentObject: {fileID: 114113838024025464, guid: 30b09ad37ac75324b988922a65df1e23,
    type: 2}
  m_PrefabInternal: {fileID: 0}
  m_GameObject: {fileID: 495479572}
  m_Enabled: 1
  m_EditorHideFlags: 0
  m_Script: {fileID: -765806418, guid: f70555f144d8491a825f0804e09c671c, type: 3}
  m_Name: 
  m_EditorClassIdentifier: 
  m_Material: {fileID: 0}
  m_Color: {r: 1, g: 1, b: 1, a: 0}
  m_RaycastTarget: 1
  m_OnCullStateChanged:
    m_PersistentCalls:
      m_Calls: []
    m_TypeName: UnityEngine.UI.MaskableGraphic+CullStateChangedEvent, UnityEngine.UI,
      Version=1.0.0.0, Culture=neutral, PublicKeyToken=null
  m_Sprite: {fileID: 0}
  m_Type: 1
  m_PreserveAspect: 0
  m_FillCenter: 1
  m_FillMethod: 4
  m_FillAmount: 1
  m_FillClockwise: 1
  m_FillOrigin: 0
--- !u!222 &495479577
CanvasRenderer:
  m_ObjectHideFlags: 0
  m_PrefabParentObject: {fileID: 222352835125168164, guid: 30b09ad37ac75324b988922a65df1e23,
    type: 2}
  m_PrefabInternal: {fileID: 0}
  m_GameObject: {fileID: 495479572}
--- !u!114 &495479578
MonoBehaviour:
  m_ObjectHideFlags: 0
  m_PrefabParentObject: {fileID: 114467105885571730, guid: 30b09ad37ac75324b988922a65df1e23,
    type: 2}
  m_PrefabInternal: {fileID: 0}
  m_GameObject: {fileID: 495479572}
  m_Enabled: 1
  m_EditorHideFlags: 0
  m_Script: {fileID: 11500000, guid: 739800cd36aba44e9b04ce977e5784bd, type: 3}
  m_Name: 
  m_EditorClassIdentifier: 
  ignoreReversedGraphics: 1
  blockingObjects: 0
  blockingMask:
    serializedVersion: 2
    m_Bits: 4294967295
--- !u!114 &495479579
MonoBehaviour:
  m_ObjectHideFlags: 0
  m_PrefabParentObject: {fileID: 114691356547901158, guid: 30b09ad37ac75324b988922a65df1e23,
    type: 2}
  m_PrefabInternal: {fileID: 0}
  m_GameObject: {fileID: 495479572}
  m_Enabled: 1
  m_EditorHideFlags: 0
  m_Script: {fileID: 1980459831, guid: f70555f144d8491a825f0804e09c671c, type: 3}
  m_Name: 
  m_EditorClassIdentifier: 
  m_UiScaleMode: 0
  m_ReferencePixelsPerUnit: 100
  m_ScaleFactor: 1
  m_ReferenceResolution: {x: 800, y: 600}
  m_ScreenMatchMode: 0
  m_MatchWidthOrHeight: 0
  m_PhysicalUnit: 3
  m_FallbackScreenDPI: 96
  m_DefaultSpriteDPI: 96
  m_DynamicPixelsPerUnit: 1
--- !u!223 &495479580
Canvas:
  m_ObjectHideFlags: 0
  m_PrefabParentObject: {fileID: 223766563724775692, guid: 30b09ad37ac75324b988922a65df1e23,
    type: 2}
  m_PrefabInternal: {fileID: 0}
  m_GameObject: {fileID: 495479572}
  m_Enabled: 1
  serializedVersion: 3
  m_RenderMode: 2
  m_Camera: {fileID: 0}
  m_PlaneDistance: 100
  m_PixelPerfect: 0
  m_ReceivesEvents: 1
  m_OverrideSorting: 0
  m_OverridePixelPerfect: 0
  m_SortingBucketNormalizedSize: 0
  m_AdditionalShaderChannelsFlag: 0
  m_SortingLayerID: 0
  m_SortingOrder: 0
  m_TargetDisplay: 0
--- !u!1 &521530011
GameObject:
  m_ObjectHideFlags: 0
  m_PrefabParentObject: {fileID: 1515939273408860, guid: 30b09ad37ac75324b988922a65df1e23,
    type: 2}
  m_PrefabInternal: {fileID: 0}
  serializedVersion: 5
  m_Component:
  - component: {fileID: 521530012}
  - component: {fileID: 521530016}
  - component: {fileID: 521530015}
  - component: {fileID: 521530014}
  - component: {fileID: 521530013}
  m_Layer: 0
  m_Name: Canvas logo Smit
  m_TagString: Untagged
  m_Icon: {fileID: 0}
  m_NavMeshLayer: 0
  m_StaticEditorFlags: 0
  m_IsActive: 1
--- !u!224 &521530012
RectTransform:
  m_ObjectHideFlags: 0
  m_PrefabParentObject: {fileID: 224131279303828616, guid: 30b09ad37ac75324b988922a65df1e23,
    type: 2}
  m_PrefabInternal: {fileID: 0}
  m_GameObject: {fileID: 521530011}
  m_LocalRotation: {x: -0, y: -0.97180355, z: -0, w: 0.23579222}
  m_LocalPosition: {x: 0, y: 0, z: -2.317}
  m_LocalScale: {x: 1.000001, y: 1, z: 1.000001}
  m_Children: []
  m_Father: {fileID: 678930908}
  m_RootOrder: 2
  m_LocalEulerAnglesHint: {x: 0, y: -152.723, z: 0}
  m_AnchorMin: {x: 0.5, y: 0.5}
  m_AnchorMax: {x: 0.5, y: 0.5}
  m_AnchoredPosition: {x: -0.773, y: -0.295}
  m_SizeDelta: {x: 1.7231, y: 1.7231}
  m_Pivot: {x: 0.5, y: 0.5}
--- !u!114 &521530013
MonoBehaviour:
  m_ObjectHideFlags: 0
  m_PrefabParentObject: {fileID: 114936247198827490, guid: 30b09ad37ac75324b988922a65df1e23,
    type: 2}
  m_PrefabInternal: {fileID: 0}
  m_GameObject: {fileID: 521530011}
  m_Enabled: 1
  m_EditorHideFlags: 0
  m_Script: {fileID: -765806418, guid: f70555f144d8491a825f0804e09c671c, type: 3}
  m_Name: 
  m_EditorClassIdentifier: 
  m_Material: {fileID: 0}
  m_Color: {r: 1, g: 1, b: 1, a: 1}
  m_RaycastTarget: 1
  m_OnCullStateChanged:
    m_PersistentCalls:
      m_Calls: []
    m_TypeName: UnityEngine.UI.MaskableGraphic+CullStateChangedEvent, UnityEngine.UI,
      Version=1.0.0.0, Culture=neutral, PublicKeyToken=null
  m_Sprite: {fileID: 21300000, guid: 9f18fddfdc25b2044932c787a6d4e1bc, type: 3}
  m_Type: 0
  m_PreserveAspect: 1
  m_FillCenter: 1
  m_FillMethod: 4
  m_FillAmount: 1
  m_FillClockwise: 1
  m_FillOrigin: 0
--- !u!222 &521530014
CanvasRenderer:
  m_ObjectHideFlags: 0
  m_PrefabParentObject: {fileID: 222494879792060902, guid: 30b09ad37ac75324b988922a65df1e23,
    type: 2}
  m_PrefabInternal: {fileID: 0}
  m_GameObject: {fileID: 521530011}
--- !u!114 &521530015
MonoBehaviour:
  m_ObjectHideFlags: 0
  m_PrefabParentObject: {fileID: 114263387736045212, guid: 30b09ad37ac75324b988922a65df1e23,
    type: 2}
  m_PrefabInternal: {fileID: 0}
  m_GameObject: {fileID: 521530011}
  m_Enabled: 1
  m_EditorHideFlags: 0
  m_Script: {fileID: 1980459831, guid: f70555f144d8491a825f0804e09c671c, type: 3}
  m_Name: 
  m_EditorClassIdentifier: 
  m_UiScaleMode: 0
  m_ReferencePixelsPerUnit: 100
  m_ScaleFactor: 1
  m_ReferenceResolution: {x: 800, y: 600}
  m_ScreenMatchMode: 0
  m_MatchWidthOrHeight: 0
  m_PhysicalUnit: 3
  m_FallbackScreenDPI: 96
  m_DefaultSpriteDPI: 96
  m_DynamicPixelsPerUnit: 1
--- !u!223 &521530016
Canvas:
  m_ObjectHideFlags: 0
  m_PrefabParentObject: {fileID: 223351616450207464, guid: 30b09ad37ac75324b988922a65df1e23,
    type: 2}
  m_PrefabInternal: {fileID: 0}
  m_GameObject: {fileID: 521530011}
  m_Enabled: 1
  serializedVersion: 3
  m_RenderMode: 2
  m_Camera: {fileID: 0}
  m_PlaneDistance: 100
  m_PixelPerfect: 0
  m_ReceivesEvents: 1
  m_OverrideSorting: 0
  m_OverridePixelPerfect: 0
  m_SortingBucketNormalizedSize: 0
  m_AdditionalShaderChannelsFlag: 0
  m_SortingLayerID: 0
  m_SortingOrder: 2
  m_TargetDisplay: 0
--- !u!1 &589922126
GameObject:
  m_ObjectHideFlags: 0
  m_PrefabParentObject: {fileID: 1384830859763246, guid: 30b09ad37ac75324b988922a65df1e23,
    type: 2}
  m_PrefabInternal: {fileID: 0}
  serializedVersion: 5
  m_Component:
  - component: {fileID: 589922127}
  - component: {fileID: 589922129}
  - component: {fileID: 589922128}
  m_Layer: 5
  m_Name: Image
  m_TagString: Untagged
  m_Icon: {fileID: 0}
  m_NavMeshLayer: 0
  m_StaticEditorFlags: 0
  m_IsActive: 1
--- !u!224 &589922127
RectTransform:
  m_ObjectHideFlags: 0
  m_PrefabParentObject: {fileID: 224349410444312086, guid: 30b09ad37ac75324b988922a65df1e23,
    type: 2}
  m_PrefabInternal: {fileID: 0}
  m_GameObject: {fileID: 589922126}
  m_LocalRotation: {x: -0, y: -0, z: -0, w: 1}
  m_LocalPosition: {x: 0, y: 0, z: 0}
  m_LocalScale: {x: 1.0000001, y: 1, z: 1.0000001}
  m_Children: []
  m_Father: {fileID: 1408887199}
  m_RootOrder: 0
  m_LocalEulerAnglesHint: {x: 0, y: 0, z: 0}
  m_AnchorMin: {x: 0, y: 0}
  m_AnchorMax: {x: 1, y: 1}
  m_AnchoredPosition: {x: -0.000023841858, y: -0.00000047683716}
  m_SizeDelta: {x: 0, y: 0}
  m_Pivot: {x: 0.5, y: 0.5}
--- !u!114 &589922128
MonoBehaviour:
  m_ObjectHideFlags: 0
  m_PrefabParentObject: {fileID: 114556150513229210, guid: 30b09ad37ac75324b988922a65df1e23,
    type: 2}
  m_PrefabInternal: {fileID: 0}
  m_GameObject: {fileID: 589922126}
  m_Enabled: 1
  m_EditorHideFlags: 0
  m_Script: {fileID: -765806418, guid: f5f67c52d1564df4a8936ccd202a3bd8, type: 3}
  m_Name: 
  m_EditorClassIdentifier: 
  m_Material: {fileID: 0}
  m_Color: {r: 1, g: 1, b: 1, a: 0.666}
  m_RaycastTarget: 1
  m_OnCullStateChanged:
    m_PersistentCalls:
      m_Calls: []
    m_TypeName: UnityEngine.UI.MaskableGraphic+CullStateChangedEvent, UnityEngine.UI,
      Version=1.0.0.0, Culture=neutral, PublicKeyToken=null
  m_Sprite: {fileID: 21300000, guid: afc91398e0e6d1d499f44610e099089c, type: 3}
  m_Type: 0
  m_PreserveAspect: 1
  m_FillCenter: 1
  m_FillMethod: 4
  m_FillAmount: 1
  m_FillClockwise: 1
  m_FillOrigin: 0
--- !u!222 &589922129
CanvasRenderer:
  m_ObjectHideFlags: 0
  m_PrefabParentObject: {fileID: 222293702224310080, guid: 30b09ad37ac75324b988922a65df1e23,
    type: 2}
  m_PrefabInternal: {fileID: 0}
  m_GameObject: {fileID: 589922126}
--- !u!1 &615470382
GameObject:
  m_ObjectHideFlags: 0
  m_PrefabParentObject: {fileID: 1740170404363894, guid: 30b09ad37ac75324b988922a65df1e23,
    type: 2}
  m_PrefabInternal: {fileID: 0}
  serializedVersion: 5
  m_Component:
  - component: {fileID: 615470383}
  m_Layer: 0
  m_Name: BinnenSpiegel
  m_TagString: Untagged
  m_Icon: {fileID: 0}
  m_NavMeshLayer: 0
  m_StaticEditorFlags: 0
  m_IsActive: 1
--- !u!4 &615470383
Transform:
  m_ObjectHideFlags: 0
  m_PrefabParentObject: {fileID: 4790344254460930, guid: 30b09ad37ac75324b988922a65df1e23,
    type: 2}
  m_PrefabInternal: {fileID: 0}
  m_GameObject: {fileID: 615470382}
  m_LocalRotation: {x: -0, y: -0, z: -0, w: 1}
  m_LocalPosition: {x: 0, y: 0, z: 0}
  m_LocalScale: {x: 1, y: 1, z: 1}
  m_Children:
  - {fileID: 722399174}
  m_Father: {fileID: 367872979}
  m_RootOrder: 5
  m_LocalEulerAnglesHint: {x: 0, y: 0, z: 0}
--- !u!1 &678930907
GameObject:
  m_ObjectHideFlags: 0
  m_PrefabParentObject: {fileID: 1184441933073594, guid: 30b09ad37ac75324b988922a65df1e23,
    type: 2}
  m_PrefabInternal: {fileID: 0}
  serializedVersion: 5
  m_Component:
  - component: {fileID: 678930908}
  m_Layer: 0
  m_Name: Logo
  m_TagString: Untagged
  m_Icon: {fileID: 0}
  m_NavMeshLayer: 0
  m_StaticEditorFlags: 0
  m_IsActive: 1
--- !u!4 &678930908
Transform:
  m_ObjectHideFlags: 0
  m_PrefabParentObject: {fileID: 4938645132993974, guid: 30b09ad37ac75324b988922a65df1e23,
    type: 2}
  m_PrefabInternal: {fileID: 0}
  m_GameObject: {fileID: 678930907}
  m_LocalRotation: {x: 0, y: 0, z: 0, w: 1}
  m_LocalPosition: {x: 0, y: 0, z: 0}
  m_LocalScale: {x: 1, y: 1, z: 1}
  m_Children:
  - {fileID: 1450058709}
  - {fileID: 1104334898}
  - {fileID: 521530012}
  m_Father: {fileID: 367872979}
  m_RootOrder: 10
  m_LocalEulerAnglesHint: {x: 0, y: 0, z: 0}
--- !u!1 &696082372
GameObject:
  m_ObjectHideFlags: 0
  m_PrefabParentObject: {fileID: 0}
  m_PrefabInternal: {fileID: 0}
  serializedVersion: 5
  m_Component:
  - component: {fileID: 696082374}
  - component: {fileID: 696082373}
  - component: {fileID: 696082376}
  - component: {fileID: 696082375}
  m_Layer: 0
  m_Name: Video Manager
  m_TagString: Untagged
  m_Icon: {fileID: 0}
  m_NavMeshLayer: 0
  m_StaticEditorFlags: 0
  m_IsActive: 1
--- !u!328 &696082373
VideoPlayer:
  m_ObjectHideFlags: 0
  m_PrefabParentObject: {fileID: 0}
  m_PrefabInternal: {fileID: 0}
  m_GameObject: {fileID: 696082372}
  m_Enabled: 1
  m_VideoClip: {fileID: 32900000, guid: 45b383f713b67e545872de6ebb3bd4d5, type: 3}
  m_TargetCameraAlpha: 1
  m_TargetCamera3DLayout: 0
  m_TargetCamera: {fileID: 0}
  m_TargetTexture: {fileID: 8400000, guid: 40aa4ee77e0236e43af0eeaa42590e96, type: 2}
  m_TimeReference: 0
  m_TargetMaterialRenderer: {fileID: 0}
  m_TargetMaterialProperty: _MainTex
  m_RenderMode: 2
  m_AspectRatio: 2
  m_DataSource: 0
  m_PlaybackSpeed: 1
  m_AudioOutputMode: 1
  m_TargetAudioSources:
  - {fileID: 696082376}
  m_DirectAudioVolumes:
  - 1
  m_Url: www.boybouw.nl/videos/video1.mp4
  m_EnabledAudioTracks: 01
  m_DirectAudioMutes: 00
  m_ControlledAudioTrackCount: 1
  m_PlayOnAwake: 0
  m_SkipOnDrop: 1
  m_Looping: 0
  m_WaitForFirstFrame: 1
  m_FrameReadyEventEnabled: 0
--- !u!4 &696082374
Transform:
  m_ObjectHideFlags: 0
  m_PrefabParentObject: {fileID: 0}
  m_PrefabInternal: {fileID: 0}
  m_GameObject: {fileID: 696082372}
  m_LocalRotation: {x: 0, y: 0, z: 0, w: 1}
  m_LocalPosition: {x: 0, y: 0, z: 0}
  m_LocalScale: {x: 1, y: 1, z: 1}
  m_Children: []
  m_Father: {fileID: 0}
  m_RootOrder: 4
  m_LocalEulerAnglesHint: {x: 0, y: 0, z: 0}
--- !u!114 &696082375
MonoBehaviour:
  m_ObjectHideFlags: 0
  m_PrefabParentObject: {fileID: 0}
  m_PrefabInternal: {fileID: 0}
  m_GameObject: {fileID: 696082372}
  m_Enabled: 1
  m_EditorHideFlags: 0
  m_Script: {fileID: 11500000, guid: 23b0c6b2f54402742a7348630a7f231c, type: 3}
  m_Name: 
  m_EditorClassIdentifier: 
--- !u!82 &696082376
AudioSource:
  m_ObjectHideFlags: 0
  m_PrefabParentObject: {fileID: 0}
  m_PrefabInternal: {fileID: 0}
  m_GameObject: {fileID: 696082372}
  m_Enabled: 1
  serializedVersion: 4
  OutputAudioMixerGroup: {fileID: 0}
  m_audioClip: {fileID: 0}
  m_PlayOnAwake: 0
  m_Volume: 0.64
  m_Pitch: 1
  Loop: 0
  Mute: 0
  Spatialize: 0
  SpatializePostEffects: 0
  Priority: 128
  DopplerLevel: 1
  MinDistance: 0
  MaxDistance: 500
  Pan2D: 0
  rolloffMode: 1
  BypassEffects: 0
  BypassListenerEffects: 0
  BypassReverbZones: 0
  rolloffCustomCurve:
    serializedVersion: 2
    m_Curve:
    - serializedVersion: 2
      time: 0
      value: 1
      inSlope: 0
      outSlope: 0
      tangentMode: 0
    - serializedVersion: 2
      time: 1
      value: 0
      inSlope: 0
      outSlope: 0
      tangentMode: 0
    m_PreInfinity: 2
    m_PostInfinity: 2
    m_RotationOrder: 4
  panLevelCustomCurve:
    serializedVersion: 2
    m_Curve:
    - serializedVersion: 2
      time: 0
      value: 0
      inSlope: 0
      outSlope: 0
      tangentMode: 0
    m_PreInfinity: 2
    m_PostInfinity: 2
    m_RotationOrder: 0
  spreadCustomCurve:
    serializedVersion: 2
    m_Curve:
    - serializedVersion: 2
      time: 0
      value: 0
      inSlope: 0
      outSlope: 0
      tangentMode: 0
    m_PreInfinity: 2
    m_PostInfinity: 2
    m_RotationOrder: 0
  reverbZoneMixCustomCurve:
    serializedVersion: 2
    m_Curve:
    - serializedVersion: 2
      time: 0
      value: 1
      inSlope: 0
      outSlope: 0
      tangentMode: 0
    m_PreInfinity: 2
    m_PostInfinity: 2
    m_RotationOrder: 0
--- !u!1 &722399173
GameObject:
  m_ObjectHideFlags: 0
  m_PrefabParentObject: {fileID: 1682636654633542, guid: 30b09ad37ac75324b988922a65df1e23,
    type: 2}
  m_PrefabInternal: {fileID: 0}
  serializedVersion: 5
  m_Component:
  - component: {fileID: 722399174}
  - component: {fileID: 722399181}
  - component: {fileID: 722399180}
  - component: {fileID: 722399179}
  - component: {fileID: 722399178}
  - component: {fileID: 722399177}
  - component: {fileID: 722399176}
  - component: {fileID: 722399175}
  m_Layer: 0
  m_Name: Canvas
  m_TagString: Untagged
  m_Icon: {fileID: 0}
  m_NavMeshLayer: 0
  m_StaticEditorFlags: 0
  m_IsActive: 1
--- !u!224 &722399174
RectTransform:
  m_ObjectHideFlags: 0
  m_PrefabParentObject: {fileID: 224650757974853384, guid: 30b09ad37ac75324b988922a65df1e23,
    type: 2}
  m_PrefabInternal: {fileID: 0}
  m_GameObject: {fileID: 722399173}
  m_LocalRotation: {x: 0, y: 0, z: 0, w: 1}
  m_LocalPosition: {x: 0, y: 0, z: 2.555}
  m_LocalScale: {x: 1, y: 1, z: 1}
  m_Children: []
  m_Father: {fileID: 615470383}
  m_RootOrder: 0
  m_LocalEulerAnglesHint: {x: 0, y: 0, z: 0}
  m_AnchorMin: {x: 0.5, y: 0.5}
  m_AnchorMax: {x: 0.5, y: 0.5}
  m_AnchoredPosition: {x: 2.264, y: 0.397}
  m_SizeDelta: {x: 1.9963, y: 0.5477}
  m_Pivot: {x: 0.5, y: 0.5}
--- !u!114 &722399175
MonoBehaviour:
  m_ObjectHideFlags: 0
  m_PrefabParentObject: {fileID: 114218551170220012, guid: 30b09ad37ac75324b988922a65df1e23,
    type: 2}
  m_PrefabInternal: {fileID: 0}
  m_GameObject: {fileID: 722399173}
  m_Enabled: 1
  m_EditorHideFlags: 0
  m_Script: {fileID: 11500000, guid: 2867575edab82c64c964e50fd98af49e, type: 3}
  m_Name: 
  m_EditorClassIdentifier: 
  timeToComplete: 0.3
--- !u!114 &722399176
MonoBehaviour:
  m_ObjectHideFlags: 0
  m_PrefabParentObject: {fileID: 114378464514178290, guid: 30b09ad37ac75324b988922a65df1e23,
    type: 2}
  m_PrefabInternal: {fileID: 0}
  m_GameObject: {fileID: 722399173}
  m_Enabled: 1
  m_EditorHideFlags: 0
  m_Script: {fileID: -1862395651, guid: f70555f144d8491a825f0804e09c671c, type: 3}
  m_Name: 
  m_EditorClassIdentifier: 
  m_Delegates:
  - eventID: 0
    callback:
      m_PersistentCalls:
        m_Calls:
        - m_Target: {fileID: 722399175}
          m_MethodName: OnGazeOver
          m_Mode: 1
          m_Arguments:
            m_ObjectArgument: {fileID: 0}
            m_ObjectArgumentAssemblyTypeName: UnityEngine.Object, UnityEngine
            m_IntArgument: 0
            m_FloatArgument: 0
            m_StringArgument: 
            m_BoolArgument: 0
          m_CallState: 2
      m_TypeName: UnityEngine.EventSystems.EventTrigger+TriggerEvent, UnityEngine.UI,
        Version=1.0.0.0, Culture=neutral, PublicKeyToken=null
  - eventID: 1
    callback:
      m_PersistentCalls:
        m_Calls:
        - m_Target: {fileID: 722399175}
          m_MethodName: OnGazeOut
          m_Mode: 1
          m_Arguments:
            m_ObjectArgument: {fileID: 0}
            m_ObjectArgumentAssemblyTypeName: UnityEngine.Object, UnityEngine
            m_IntArgument: 0
            m_FloatArgument: 0
            m_StringArgument: 
            m_BoolArgument: 0
          m_CallState: 2
      m_TypeName: UnityEngine.EventSystems.EventTrigger+TriggerEvent, UnityEngine.UI,
        Version=1.0.0.0, Culture=neutral, PublicKeyToken=null
  delegates: []
--- !u!114 &722399177
MonoBehaviour:
  m_ObjectHideFlags: 0
  m_PrefabParentObject: {fileID: 114329170393069688, guid: 30b09ad37ac75324b988922a65df1e23,
    type: 2}
  m_PrefabInternal: {fileID: 0}
  m_GameObject: {fileID: 722399173}
  m_Enabled: 1
  m_EditorHideFlags: 0
  m_Script: {fileID: -765806418, guid: f70555f144d8491a825f0804e09c671c, type: 3}
  m_Name: 
  m_EditorClassIdentifier: 
  m_Material: {fileID: 0}
  m_Color: {r: 1, g: 1, b: 1, a: 0}
  m_RaycastTarget: 1
  m_OnCullStateChanged:
    m_PersistentCalls:
      m_Calls: []
    m_TypeName: UnityEngine.UI.MaskableGraphic+CullStateChangedEvent, UnityEngine.UI,
      Version=1.0.0.0, Culture=neutral, PublicKeyToken=null
  m_Sprite: {fileID: 0}
  m_Type: 1
  m_PreserveAspect: 0
  m_FillCenter: 1
  m_FillMethod: 4
  m_FillAmount: 1
  m_FillClockwise: 1
  m_FillOrigin: 0
--- !u!222 &722399178
CanvasRenderer:
  m_ObjectHideFlags: 0
  m_PrefabParentObject: {fileID: 222041160228749300, guid: 30b09ad37ac75324b988922a65df1e23,
    type: 2}
  m_PrefabInternal: {fileID: 0}
  m_GameObject: {fileID: 722399173}
--- !u!114 &722399179
MonoBehaviour:
  m_ObjectHideFlags: 0
  m_PrefabParentObject: {fileID: 114599130423503132, guid: 30b09ad37ac75324b988922a65df1e23,
    type: 2}
  m_PrefabInternal: {fileID: 0}
  m_GameObject: {fileID: 722399173}
  m_Enabled: 1
  m_EditorHideFlags: 0
  m_Script: {fileID: 11500000, guid: 739800cd36aba44e9b04ce977e5784bd, type: 3}
  m_Name: 
  m_EditorClassIdentifier: 
  ignoreReversedGraphics: 1
  blockingObjects: 0
  blockingMask:
    serializedVersion: 2
    m_Bits: 4294967295
--- !u!114 &722399180
MonoBehaviour:
  m_ObjectHideFlags: 0
  m_PrefabParentObject: {fileID: 114183961913722490, guid: 30b09ad37ac75324b988922a65df1e23,
    type: 2}
  m_PrefabInternal: {fileID: 0}
  m_GameObject: {fileID: 722399173}
  m_Enabled: 1
  m_EditorHideFlags: 0
  m_Script: {fileID: 1980459831, guid: f70555f144d8491a825f0804e09c671c, type: 3}
  m_Name: 
  m_EditorClassIdentifier: 
  m_UiScaleMode: 0
  m_ReferencePixelsPerUnit: 100
  m_ScaleFactor: 1
  m_ReferenceResolution: {x: 800, y: 600}
  m_ScreenMatchMode: 0
  m_MatchWidthOrHeight: 0
  m_PhysicalUnit: 3
  m_FallbackScreenDPI: 96
  m_DefaultSpriteDPI: 96
  m_DynamicPixelsPerUnit: 1
--- !u!223 &722399181
Canvas:
  m_ObjectHideFlags: 0
  m_PrefabParentObject: {fileID: 223503570003480366, guid: 30b09ad37ac75324b988922a65df1e23,
    type: 2}
  m_PrefabInternal: {fileID: 0}
  m_GameObject: {fileID: 722399173}
  m_Enabled: 1
  serializedVersion: 3
  m_RenderMode: 2
  m_Camera: {fileID: 0}
  m_PlaneDistance: 100
  m_PixelPerfect: 0
  m_ReceivesEvents: 1
  m_OverrideSorting: 0
  m_OverridePixelPerfect: 0
  m_SortingBucketNormalizedSize: 0
  m_AdditionalShaderChannelsFlag: 0
  m_SortingLayerID: 0
  m_SortingOrder: 0
  m_TargetDisplay: 0
--- !u!1 &741710824
GameObject:
  m_ObjectHideFlags: 0
  m_PrefabParentObject: {fileID: 1897355023977984, guid: 30b09ad37ac75324b988922a65df1e23,
    type: 2}
  m_PrefabInternal: {fileID: 0}
  serializedVersion: 5
  m_Component:
  - component: {fileID: 741710825}
  - component: {fileID: 741710826}
  m_Layer: 0
  m_Name: In-gameMenu
  m_TagString: Untagged
  m_Icon: {fileID: 0}
  m_NavMeshLayer: 0
  m_StaticEditorFlags: 0
  m_IsActive: 1
--- !u!4 &741710825
Transform:
  m_ObjectHideFlags: 0
  m_PrefabParentObject: {fileID: 4603012590367142, guid: 30b09ad37ac75324b988922a65df1e23,
    type: 2}
  m_PrefabInternal: {fileID: 0}
  m_GameObject: {fileID: 741710824}
  m_LocalRotation: {x: 0.23414397, y: -0, z: -0, w: 0.97220194}
  m_LocalPosition: {x: 3.73, y: -3.79, z: 6.05}
  m_LocalScale: {x: 0.7, y: 0.7, z: 0.7}
  m_Children:
  - {fileID: 1408887199}
  m_Father: {fileID: 367872979}
  m_RootOrder: 9
  m_LocalEulerAnglesHint: {x: 27.082, y: 0, z: 0}
--- !u!114 &741710826
MonoBehaviour:
  m_ObjectHideFlags: 0
  m_PrefabParentObject: {fileID: 114785853698565604, guid: 30b09ad37ac75324b988922a65df1e23,
    type: 2}
  m_PrefabInternal: {fileID: 0}
  m_GameObject: {fileID: 741710824}
  m_Enabled: 1
  m_EditorHideFlags: 0
  m_Script: {fileID: 11500000, guid: 72dbd47088d8b3a40b24f515d62e862c, type: 3}
  m_Name: 
  m_EditorClassIdentifier: 
  buttons:
  - {fileID: 1408887200}
--- !u!1 &1104334897
GameObject:
  m_ObjectHideFlags: 0
  m_PrefabParentObject: {fileID: 1515939273408860, guid: 30b09ad37ac75324b988922a65df1e23,
    type: 2}
  m_PrefabInternal: {fileID: 0}
  serializedVersion: 5
  m_Component:
  - component: {fileID: 1104334898}
  - component: {fileID: 1104334902}
  - component: {fileID: 1104334901}
  - component: {fileID: 1104334900}
  - component: {fileID: 1104334899}
  m_Layer: 0
  m_Name: Canvas logo DEVCake
  m_TagString: Untagged
  m_Icon: {fileID: 0}
  m_NavMeshLayer: 0
  m_StaticEditorFlags: 0
  m_IsActive: 1
--- !u!224 &1104334898
RectTransform:
  m_ObjectHideFlags: 0
  m_PrefabParentObject: {fileID: 224131279303828616, guid: 30b09ad37ac75324b988922a65df1e23,
    type: 2}
  m_PrefabInternal: {fileID: 0}
  m_GameObject: {fileID: 1104334897}
  m_LocalRotation: {x: -0, y: -0.97180355, z: -0, w: 0.23579222}
  m_LocalPosition: {x: 0, y: 0, z: -2.339}
  m_LocalScale: {x: 1.000001, y: 1, z: 1.000001}
  m_Children: []
  m_Father: {fileID: 678930908}
  m_RootOrder: 1
  m_LocalEulerAnglesHint: {x: 0, y: -152.723, z: 0}
  m_AnchorMin: {x: 0.5, y: 0.5}
  m_AnchorMax: {x: 0.5, y: 0.5}
  m_AnchoredPosition: {x: -0.729, y: -1.500755}
  m_SizeDelta: {x: 2.4328, y: 2.4328}
  m_Pivot: {x: 0.5, y: 0.5}
--- !u!114 &1104334899
MonoBehaviour:
  m_ObjectHideFlags: 0
  m_PrefabParentObject: {fileID: 114936247198827490, guid: 30b09ad37ac75324b988922a65df1e23,
    type: 2}
  m_PrefabInternal: {fileID: 0}
  m_GameObject: {fileID: 1104334897}
  m_Enabled: 1
  m_EditorHideFlags: 0
  m_Script: {fileID: -765806418, guid: f70555f144d8491a825f0804e09c671c, type: 3}
  m_Name: 
  m_EditorClassIdentifier: 
  m_Material: {fileID: 0}
  m_Color: {r: 1, g: 1, b: 1, a: 1}
  m_RaycastTarget: 1
  m_OnCullStateChanged:
    m_PersistentCalls:
      m_Calls: []
    m_TypeName: UnityEngine.UI.MaskableGraphic+CullStateChangedEvent, UnityEngine.UI,
      Version=1.0.0.0, Culture=neutral, PublicKeyToken=null
  m_Sprite: {fileID: 21300000, guid: f24f65860c20bac4b8a95cf040f5b043, type: 3}
  m_Type: 0
  m_PreserveAspect: 1
  m_FillCenter: 1
  m_FillMethod: 4
  m_FillAmount: 1
  m_FillClockwise: 1
  m_FillOrigin: 0
--- !u!222 &1104334900
CanvasRenderer:
  m_ObjectHideFlags: 0
  m_PrefabParentObject: {fileID: 222494879792060902, guid: 30b09ad37ac75324b988922a65df1e23,
    type: 2}
  m_PrefabInternal: {fileID: 0}
  m_GameObject: {fileID: 1104334897}
--- !u!114 &1104334901
MonoBehaviour:
  m_ObjectHideFlags: 0
  m_PrefabParentObject: {fileID: 114263387736045212, guid: 30b09ad37ac75324b988922a65df1e23,
    type: 2}
  m_PrefabInternal: {fileID: 0}
  m_GameObject: {fileID: 1104334897}
  m_Enabled: 1
  m_EditorHideFlags: 0
  m_Script: {fileID: 1980459831, guid: f70555f144d8491a825f0804e09c671c, type: 3}
  m_Name: 
  m_EditorClassIdentifier: 
  m_UiScaleMode: 0
  m_ReferencePixelsPerUnit: 100
  m_ScaleFactor: 1
  m_ReferenceResolution: {x: 800, y: 600}
  m_ScreenMatchMode: 0
  m_MatchWidthOrHeight: 0
  m_PhysicalUnit: 3
  m_FallbackScreenDPI: 96
  m_DefaultSpriteDPI: 96
  m_DynamicPixelsPerUnit: 1
--- !u!223 &1104334902
Canvas:
  m_ObjectHideFlags: 0
  m_PrefabParentObject: {fileID: 223351616450207464, guid: 30b09ad37ac75324b988922a65df1e23,
    type: 2}
  m_PrefabInternal: {fileID: 0}
  m_GameObject: {fileID: 1104334897}
  m_Enabled: 1
  serializedVersion: 3
  m_RenderMode: 2
  m_Camera: {fileID: 0}
  m_PlaneDistance: 100
  m_PixelPerfect: 0
  m_ReceivesEvents: 1
  m_OverrideSorting: 0
  m_OverridePixelPerfect: 0
  m_SortingBucketNormalizedSize: 0
  m_AdditionalShaderChannelsFlag: 0
  m_SortingLayerID: 0
  m_SortingOrder: 2
  m_TargetDisplay: 0
--- !u!1 &1129372190
GameObject:
  m_ObjectHideFlags: 0
  m_PrefabParentObject: {fileID: 1923720110220162, guid: 30b09ad37ac75324b988922a65df1e23,
    type: 2}
  m_PrefabInternal: {fileID: 0}
  serializedVersion: 5
  m_Component:
  - component: {fileID: 1129372191}
  - component: {fileID: 1129372193}
  - component: {fileID: 1129372192}
  m_Layer: 5
  m_Name: FillbarReplay
  m_TagString: Untagged
  m_Icon: {fileID: 0}
  m_NavMeshLayer: 0
  m_StaticEditorFlags: 0
  m_IsActive: 1
--- !u!224 &1129372191
RectTransform:
  m_ObjectHideFlags: 0
  m_PrefabParentObject: {fileID: 224883051667821164, guid: 30b09ad37ac75324b988922a65df1e23,
    type: 2}
  m_PrefabInternal: {fileID: 0}
  m_GameObject: {fileID: 1129372190}
  m_LocalRotation: {x: 0, y: 0, z: 0, w: 1}
  m_LocalPosition: {x: 0, y: 0, z: 0}
  m_LocalScale: {x: 1, y: 1, z: 1}
  m_Children: []
  m_Father: {fileID: 1408887199}
  m_RootOrder: 1
  m_LocalEulerAnglesHint: {x: 0, y: 0, z: 0}
  m_AnchorMin: {x: 0, y: 0}
  m_AnchorMax: {x: 1, y: 1}
  m_AnchoredPosition: {x: 0, y: 0}
  m_SizeDelta: {x: 0, y: 0}
  m_Pivot: {x: 0.5, y: 0.5}
--- !u!114 &1129372192
MonoBehaviour:
  m_ObjectHideFlags: 0
  m_PrefabParentObject: {fileID: 114148566006509124, guid: 30b09ad37ac75324b988922a65df1e23,
    type: 2}
  m_PrefabInternal: {fileID: 0}
  m_GameObject: {fileID: 1129372190}
  m_Enabled: 1
  m_EditorHideFlags: 0
  m_Script: {fileID: -765806418, guid: f5f67c52d1564df4a8936ccd202a3bd8, type: 3}
  m_Name: 
  m_EditorClassIdentifier: 
  m_Material: {fileID: 0}
  m_Color: {r: 1, g: 1, b: 1, a: 1}
  m_RaycastTarget: 1
  m_OnCullStateChanged:
    m_PersistentCalls:
      m_Calls: []
    m_TypeName: UnityEngine.UI.MaskableGraphic+CullStateChangedEvent, UnityEngine.UI,
      Version=1.0.0.0, Culture=neutral, PublicKeyToken=null
  m_Sprite: {fileID: 21300000, guid: afc91398e0e6d1d499f44610e099089c, type: 3}
  m_Type: 3
  m_PreserveAspect: 1
  m_FillCenter: 1
  m_FillMethod: 4
  m_FillAmount: 0
  m_FillClockwise: 1
  m_FillOrigin: 0
--- !u!222 &1129372193
CanvasRenderer:
  m_ObjectHideFlags: 0
  m_PrefabParentObject: {fileID: 222744657397693904, guid: 30b09ad37ac75324b988922a65df1e23,
    type: 2}
  m_PrefabInternal: {fileID: 0}
  m_GameObject: {fileID: 1129372190}
--- !u!1 &1168913823
GameObject:
  m_ObjectHideFlags: 0
  m_PrefabParentObject: {fileID: 1935508904657454, guid: 30b09ad37ac75324b988922a65df1e23,
    type: 2}
  m_PrefabInternal: {fileID: 0}
  serializedVersion: 5
  m_Component:
  - component: {fileID: 1168913824}
  - component: {fileID: 1168913831}
  - component: {fileID: 1168913830}
  - component: {fileID: 1168913829}
  - component: {fileID: 1168913828}
  - component: {fileID: 1168913827}
  - component: {fileID: 1168913826}
  - component: {fileID: 1168913825}
  m_Layer: 0
  m_Name: Canvas
  m_TagString: Untagged
  m_Icon: {fileID: 0}
  m_NavMeshLayer: 0
  m_StaticEditorFlags: 0
  m_IsActive: 1
--- !u!224 &1168913824
RectTransform:
  m_ObjectHideFlags: 0
  m_PrefabParentObject: {fileID: 224818976267776234, guid: 30b09ad37ac75324b988922a65df1e23,
    type: 2}
  m_PrefabInternal: {fileID: 0}
  m_GameObject: {fileID: 1168913823}
  m_LocalRotation: {x: 0, y: 0.7071068, z: 0, w: 0.7071068}
  m_LocalPosition: {x: 0, y: 0, z: -1.71}
  m_LocalScale: {x: 1, y: 1, z: 1}
  m_Children: []
  m_Father: {fileID: 460594722}
  m_RootOrder: 0
  m_LocalEulerAnglesHint: {x: 0, y: 90, z: 0}
  m_AnchorMin: {x: 0.5, y: 0.5}
  m_AnchorMax: {x: 0.5, y: 0.5}
  m_AnchoredPosition: {x: 7.67, y: -1.15}
  m_SizeDelta: {x: 5.46, y: 4.962}
  m_Pivot: {x: 0.5, y: 0.5}
--- !u!114 &1168913825
MonoBehaviour:
  m_ObjectHideFlags: 0
  m_PrefabParentObject: {fileID: 114950405748333812, guid: 30b09ad37ac75324b988922a65df1e23,
    type: 2}
  m_PrefabInternal: {fileID: 0}
  m_GameObject: {fileID: 1168913823}
  m_Enabled: 1
  m_EditorHideFlags: 0
  m_Script: {fileID: 11500000, guid: 2867575edab82c64c964e50fd98af49e, type: 3}
  m_Name: 
  m_EditorClassIdentifier: 
  timeToComplete: 0.3
--- !u!114 &1168913826
MonoBehaviour:
  m_ObjectHideFlags: 0
  m_PrefabParentObject: {fileID: 114664683258376404, guid: 30b09ad37ac75324b988922a65df1e23,
    type: 2}
  m_PrefabInternal: {fileID: 0}
  m_GameObject: {fileID: 1168913823}
  m_Enabled: 1
  m_EditorHideFlags: 0
  m_Script: {fileID: -1862395651, guid: f70555f144d8491a825f0804e09c671c, type: 3}
  m_Name: 
  m_EditorClassIdentifier: 
  m_Delegates:
  - eventID: 0
    callback:
      m_PersistentCalls:
        m_Calls:
        - m_Target: {fileID: 1168913825}
          m_MethodName: OnGazeOver
          m_Mode: 1
          m_Arguments:
            m_ObjectArgument: {fileID: 0}
            m_ObjectArgumentAssemblyTypeName: UnityEngine.Object, UnityEngine
            m_IntArgument: 0
            m_FloatArgument: 0
            m_StringArgument: 
            m_BoolArgument: 0
          m_CallState: 2
      m_TypeName: UnityEngine.EventSystems.EventTrigger+TriggerEvent, UnityEngine.UI,
        Version=1.0.0.0, Culture=neutral, PublicKeyToken=null
  - eventID: 1
    callback:
      m_PersistentCalls:
        m_Calls:
        - m_Target: {fileID: 1168913825}
          m_MethodName: OnGazeOut
          m_Mode: 1
          m_Arguments:
            m_ObjectArgument: {fileID: 0}
            m_ObjectArgumentAssemblyTypeName: UnityEngine.Object, UnityEngine
            m_IntArgument: 0
            m_FloatArgument: 0
            m_StringArgument: 
            m_BoolArgument: 0
          m_CallState: 2
      m_TypeName: UnityEngine.EventSystems.EventTrigger+TriggerEvent, UnityEngine.UI,
        Version=1.0.0.0, Culture=neutral, PublicKeyToken=null
  delegates: []
--- !u!114 &1168913827
MonoBehaviour:
  m_ObjectHideFlags: 0
  m_PrefabParentObject: {fileID: 114876206279956776, guid: 30b09ad37ac75324b988922a65df1e23,
    type: 2}
  m_PrefabInternal: {fileID: 0}
  m_GameObject: {fileID: 1168913823}
  m_Enabled: 1
  m_EditorHideFlags: 0
  m_Script: {fileID: -765806418, guid: f70555f144d8491a825f0804e09c671c, type: 3}
  m_Name: 
  m_EditorClassIdentifier: 
  m_Material: {fileID: 0}
  m_Color: {r: 1, g: 1, b: 1, a: 0}
  m_RaycastTarget: 1
  m_OnCullStateChanged:
    m_PersistentCalls:
      m_Calls: []
    m_TypeName: UnityEngine.UI.MaskableGraphic+CullStateChangedEvent, UnityEngine.UI,
      Version=1.0.0.0, Culture=neutral, PublicKeyToken=null
  m_Sprite: {fileID: 0}
  m_Type: 1
  m_PreserveAspect: 0
  m_FillCenter: 1
  m_FillMethod: 4
  m_FillAmount: 1
  m_FillClockwise: 1
  m_FillOrigin: 0
--- !u!222 &1168913828
CanvasRenderer:
  m_ObjectHideFlags: 0
  m_PrefabParentObject: {fileID: 222261688561166052, guid: 30b09ad37ac75324b988922a65df1e23,
    type: 2}
  m_PrefabInternal: {fileID: 0}
  m_GameObject: {fileID: 1168913823}
--- !u!114 &1168913829
MonoBehaviour:
  m_ObjectHideFlags: 0
  m_PrefabParentObject: {fileID: 114753660419735524, guid: 30b09ad37ac75324b988922a65df1e23,
    type: 2}
  m_PrefabInternal: {fileID: 0}
  m_GameObject: {fileID: 1168913823}
  m_Enabled: 1
  m_EditorHideFlags: 0
  m_Script: {fileID: 11500000, guid: 739800cd36aba44e9b04ce977e5784bd, type: 3}
  m_Name: 
  m_EditorClassIdentifier: 
  ignoreReversedGraphics: 1
  blockingObjects: 0
  blockingMask:
    serializedVersion: 2
    m_Bits: 4294967295
--- !u!114 &1168913830
MonoBehaviour:
  m_ObjectHideFlags: 0
  m_PrefabParentObject: {fileID: 114826911710004066, guid: 30b09ad37ac75324b988922a65df1e23,
    type: 2}
  m_PrefabInternal: {fileID: 0}
  m_GameObject: {fileID: 1168913823}
  m_Enabled: 1
  m_EditorHideFlags: 0
  m_Script: {fileID: 1980459831, guid: f70555f144d8491a825f0804e09c671c, type: 3}
  m_Name: 
  m_EditorClassIdentifier: 
  m_UiScaleMode: 0
  m_ReferencePixelsPerUnit: 100
  m_ScaleFactor: 1
  m_ReferenceResolution: {x: 800, y: 600}
  m_ScreenMatchMode: 0
  m_MatchWidthOrHeight: 0
  m_PhysicalUnit: 3
  m_FallbackScreenDPI: 96
  m_DefaultSpriteDPI: 96
  m_DynamicPixelsPerUnit: 1
--- !u!223 &1168913831
Canvas:
  m_ObjectHideFlags: 0
  m_PrefabParentObject: {fileID: 223385199080449314, guid: 30b09ad37ac75324b988922a65df1e23,
    type: 2}
  m_PrefabInternal: {fileID: 0}
  m_GameObject: {fileID: 1168913823}
  m_Enabled: 1
  serializedVersion: 3
  m_RenderMode: 2
  m_Camera: {fileID: 0}
  m_PlaneDistance: 100
  m_PixelPerfect: 0
  m_ReceivesEvents: 1
  m_OverrideSorting: 0
  m_OverridePixelPerfect: 0
  m_SortingBucketNormalizedSize: 0
  m_AdditionalShaderChannelsFlag: 0
  m_SortingLayerID: 0
  m_SortingOrder: 0
  m_TargetDisplay: 0
--- !u!1001 &1279443584
Prefab:
  m_ObjectHideFlags: 0
  serializedVersion: 2
  m_Modification:
    m_TransformParent: {fileID: 0}
    m_Modifications:
    - target: {fileID: 498412, guid: 970dd4b9371394fb4890965f608d46fd, type: 2}
      propertyPath: m_LocalPosition.x
      value: 0
      objectReference: {fileID: 0}
    - target: {fileID: 498412, guid: 970dd4b9371394fb4890965f608d46fd, type: 2}
      propertyPath: m_LocalPosition.y
      value: 0
      objectReference: {fileID: 0}
    - target: {fileID: 498412, guid: 970dd4b9371394fb4890965f608d46fd, type: 2}
      propertyPath: m_LocalPosition.z
      value: -2
      objectReference: {fileID: 0}
    - target: {fileID: 498412, guid: 970dd4b9371394fb4890965f608d46fd, type: 2}
      propertyPath: m_LocalRotation.x
      value: 0
      objectReference: {fileID: 0}
    - target: {fileID: 498412, guid: 970dd4b9371394fb4890965f608d46fd, type: 2}
      propertyPath: m_LocalRotation.y
      value: 0
      objectReference: {fileID: 0}
    - target: {fileID: 498412, guid: 970dd4b9371394fb4890965f608d46fd, type: 2}
      propertyPath: m_LocalRotation.z
      value: 0
      objectReference: {fileID: 0}
    - target: {fileID: 498412, guid: 970dd4b9371394fb4890965f608d46fd, type: 2}
      propertyPath: m_LocalRotation.w
      value: 1
      objectReference: {fileID: 0}
    - target: {fileID: 498412, guid: 970dd4b9371394fb4890965f608d46fd, type: 2}
      propertyPath: m_RootOrder
      value: 0
      objectReference: {fileID: 0}
    - target: {fileID: 177758, guid: 970dd4b9371394fb4890965f608d46fd, type: 2}
      propertyPath: m_IsActive
      value: 1
      objectReference: {fileID: 0}
    m_RemovedComponents: []
  m_ParentPrefab: {fileID: 100100000, guid: 970dd4b9371394fb4890965f608d46fd, type: 2}
  m_IsPrefabParent: 0
--- !u!1001 &1310568694
Prefab:
  m_ObjectHideFlags: 0
  serializedVersion: 2
  m_Modification:
    m_TransformParent: {fileID: 0}
    m_Modifications:
    - target: {fileID: 4564007654404410, guid: 47223dce5bb284b2c845662700eb25ca, type: 2}
      propertyPath: m_LocalPosition.x
      value: 0
      objectReference: {fileID: 0}
    - target: {fileID: 4564007654404410, guid: 47223dce5bb284b2c845662700eb25ca, type: 2}
      propertyPath: m_LocalPosition.y
      value: 1
      objectReference: {fileID: 0}
    - target: {fileID: 4564007654404410, guid: 47223dce5bb284b2c845662700eb25ca, type: 2}
      propertyPath: m_LocalPosition.z
      value: 0
      objectReference: {fileID: 0}
    - target: {fileID: 4564007654404410, guid: 47223dce5bb284b2c845662700eb25ca, type: 2}
      propertyPath: m_LocalRotation.x
      value: 0
      objectReference: {fileID: 0}
    - target: {fileID: 4564007654404410, guid: 47223dce5bb284b2c845662700eb25ca, type: 2}
      propertyPath: m_LocalRotation.y
      value: 0
      objectReference: {fileID: 0}
    - target: {fileID: 4564007654404410, guid: 47223dce5bb284b2c845662700eb25ca, type: 2}
      propertyPath: m_LocalRotation.z
      value: 0
      objectReference: {fileID: 0}
    - target: {fileID: 4564007654404410, guid: 47223dce5bb284b2c845662700eb25ca, type: 2}
      propertyPath: m_LocalRotation.w
      value: 1
      objectReference: {fileID: 0}
    - target: {fileID: 4564007654404410, guid: 47223dce5bb284b2c845662700eb25ca, type: 2}
      propertyPath: m_RootOrder
      value: 5
      objectReference: {fileID: 0}
    m_RemovedComponents: []
  m_ParentPrefab: {fileID: 100100000, guid: 47223dce5bb284b2c845662700eb25ca, type: 2}
  m_IsPrefabParent: 0
--- !u!1 &1347400282
GameObject:
  m_ObjectHideFlags: 0
  m_PrefabParentObject: {fileID: 0}
  m_PrefabInternal: {fileID: 0}
  serializedVersion: 5
  m_Component:
  - component: {fileID: 1347400285}
  - component: {fileID: 1347400284}
  - component: {fileID: 1347400283}
  m_Layer: 0
  m_Name: SFXManager
  m_TagString: Untagged
  m_Icon: {fileID: 0}
  m_NavMeshLayer: 0
  m_StaticEditorFlags: 0
  m_IsActive: 1
--- !u!82 &1347400283
AudioSource:
  m_ObjectHideFlags: 0
  m_PrefabParentObject: {fileID: 0}
  m_PrefabInternal: {fileID: 0}
  m_GameObject: {fileID: 1347400282}
  m_Enabled: 1
  serializedVersion: 4
  OutputAudioMixerGroup: {fileID: 0}
  m_audioClip: {fileID: 8300000, guid: ee280fabe019d4546b991b4def51ec7b, type: 3}
  m_PlayOnAwake: 0
  m_Volume: 1
  m_Pitch: 1
  Loop: 0
  Mute: 0
  Spatialize: 0
  SpatializePostEffects: 0
  Priority: 128
  DopplerLevel: 1
  MinDistance: 1
  MaxDistance: 500
  Pan2D: 0
  rolloffMode: 0
  BypassEffects: 0
  BypassListenerEffects: 0
  BypassReverbZones: 0
  rolloffCustomCurve:
    serializedVersion: 2
    m_Curve:
    - serializedVersion: 2
      time: 0
      value: 1
      inSlope: 0
      outSlope: 0
      tangentMode: 0
    - serializedVersion: 2
      time: 1
      value: 0
      inSlope: 0
      outSlope: 0
      tangentMode: 0
    m_PreInfinity: 2
    m_PostInfinity: 2
    m_RotationOrder: 4
  panLevelCustomCurve:
    serializedVersion: 2
    m_Curve:
    - serializedVersion: 2
      time: 0
      value: 0
      inSlope: 0
      outSlope: 0
      tangentMode: 0
    m_PreInfinity: 2
    m_PostInfinity: 2
    m_RotationOrder: 0
  spreadCustomCurve:
    serializedVersion: 2
    m_Curve:
    - serializedVersion: 2
      time: 0
      value: 0
      inSlope: 0
      outSlope: 0
      tangentMode: 0
    m_PreInfinity: 2
    m_PostInfinity: 2
    m_RotationOrder: 0
  reverbZoneMixCustomCurve:
    serializedVersion: 2
    m_Curve:
    - serializedVersion: 2
      time: 0
      value: 1
      inSlope: 0
      outSlope: 0
      tangentMode: 0
    m_PreInfinity: 2
    m_PostInfinity: 2
    m_RotationOrder: 0
--- !u!114 &1347400284
MonoBehaviour:
  m_ObjectHideFlags: 0
  m_PrefabParentObject: {fileID: 0}
  m_PrefabInternal: {fileID: 0}
  m_GameObject: {fileID: 1347400282}
  m_Enabled: 1
  m_EditorHideFlags: 0
  m_Script: {fileID: 11500000, guid: a9d1fdf047e6f524da3f837c1544692f, type: 3}
  m_Name: 
  m_EditorClassIdentifier: 
  completedPopUp: {fileID: 8300000, guid: ee280fabe019d4546b991b4def51ec7b, type: 3}
  newPopUp: {fileID: 8300000, guid: f4cb77fb135335f418d8b2281a5c560f, type: 3}
  wrongAnswer: {fileID: 8300000, guid: 98ed5b8580f2c354d8fa56164a4c73ea, type: 3}
  hover: {fileID: 8300000, guid: ac085777aab28d34b9fc01f27e06c9f8, type: 3}
--- !u!4 &1347400285
Transform:
  m_ObjectHideFlags: 0
  m_PrefabParentObject: {fileID: 0}
  m_PrefabInternal: {fileID: 0}
  m_GameObject: {fileID: 1347400282}
  m_LocalRotation: {x: 0, y: 0, z: 0, w: 1}
  m_LocalPosition: {x: 1.5194969, y: -0.36679983, z: 1.9264469}
  m_LocalScale: {x: 1, y: 1, z: 1}
  m_Children: []
  m_Father: {fileID: 0}
  m_RootOrder: 3
  m_LocalEulerAnglesHint: {x: 0, y: 0, z: 0}
--- !u!1 &1348643091
GameObject:
  m_ObjectHideFlags: 0
  m_PrefabParentObject: {fileID: 1488798764437084, guid: 30b09ad37ac75324b988922a65df1e23,
    type: 2}
  m_PrefabInternal: {fileID: 0}
  serializedVersion: 5
  m_Component:
  - component: {fileID: 1348643092}
  m_Layer: 0
  m_Name: Vooruit
  m_TagString: Untagged
  m_Icon: {fileID: 0}
  m_NavMeshLayer: 0
  m_StaticEditorFlags: 0
  m_IsActive: 1
--- !u!4 &1348643092
Transform:
  m_ObjectHideFlags: 0
  m_PrefabParentObject: {fileID: 4545113085088160, guid: 30b09ad37ac75324b988922a65df1e23,
    type: 2}
  m_PrefabInternal: {fileID: 0}
  m_GameObject: {fileID: 1348643091}
  m_LocalRotation: {x: -0, y: -0, z: -0, w: 1}
  m_LocalPosition: {x: 0, y: 0, z: 0}
  m_LocalScale: {x: 1, y: 1, z: 1}
  m_Children:
  - {fileID: 1918625857}
  m_Father: {fileID: 367872979}
  m_RootOrder: 4
  m_LocalEulerAnglesHint: {x: 0, y: 0, z: 0}
--- !u!1 &1380101989
GameObject:
  m_ObjectHideFlags: 0
  m_PrefabParentObject: {fileID: 1515939273408860, guid: 30b09ad37ac75324b988922a65df1e23,
    type: 2}
  m_PrefabInternal: {fileID: 0}
  serializedVersion: 5
  m_Component:
  - component: {fileID: 1380101990}
  - component: {fileID: 1380101997}
  - component: {fileID: 1380101996}
  - component: {fileID: 1380101995}
  - component: {fileID: 1380101994}
  - component: {fileID: 1380101993}
  - component: {fileID: 1380101992}
  - component: {fileID: 1380101991}
  m_Layer: 0
  m_Name: Canvas
  m_TagString: Untagged
  m_Icon: {fileID: 0}
  m_NavMeshLayer: 0
  m_StaticEditorFlags: 0
  m_IsActive: 1
--- !u!224 &1380101990
RectTransform:
  m_ObjectHideFlags: 0
  m_PrefabParentObject: {fileID: 224131279303828616, guid: 30b09ad37ac75324b988922a65df1e23,
    type: 2}
  m_PrefabInternal: {fileID: 0}
  m_GameObject: {fileID: 1380101989}
  m_LocalRotation: {x: 0, y: -0.7071068, z: 0, w: 0.7071068}
  m_LocalPosition: {x: 0, y: 0, z: -1.41}
  m_LocalScale: {x: 1, y: 1, z: 1}
  m_Children: []
  m_Father: {fileID: 1778132507}
  m_RootOrder: 0
  m_LocalEulerAnglesHint: {x: 0, y: -90, z: 0}
  m_AnchorMin: {x: 0.5, y: 0.5}
  m_AnchorMax: {x: 0.5, y: 0.5}
  m_AnchoredPosition: {x: -3.81, y: -0.6543}
  m_SizeDelta: {x: 3.3482, y: 4.9621}
  m_Pivot: {x: 0.5, y: 0.5}
--- !u!114 &1380101991
MonoBehaviour:
  m_ObjectHideFlags: 0
  m_PrefabParentObject: {fileID: 114504594400865492, guid: 30b09ad37ac75324b988922a65df1e23,
    type: 2}
  m_PrefabInternal: {fileID: 0}
  m_GameObject: {fileID: 1380101989}
  m_Enabled: 1
  m_EditorHideFlags: 0
  m_Script: {fileID: 11500000, guid: 2867575edab82c64c964e50fd98af49e, type: 3}
  m_Name: 
  m_EditorClassIdentifier: 
  timeToComplete: 0.3
--- !u!114 &1380101992
MonoBehaviour:
  m_ObjectHideFlags: 0
  m_PrefabParentObject: {fileID: 114994276848786494, guid: 30b09ad37ac75324b988922a65df1e23,
    type: 2}
  m_PrefabInternal: {fileID: 0}
  m_GameObject: {fileID: 1380101989}
  m_Enabled: 1
  m_EditorHideFlags: 0
  m_Script: {fileID: -1862395651, guid: f70555f144d8491a825f0804e09c671c, type: 3}
  m_Name: 
  m_EditorClassIdentifier: 
  m_Delegates:
  - eventID: 0
    callback:
      m_PersistentCalls:
        m_Calls:
        - m_Target: {fileID: 1380101991}
          m_MethodName: OnGazeOver
          m_Mode: 1
          m_Arguments:
            m_ObjectArgument: {fileID: 0}
            m_ObjectArgumentAssemblyTypeName: UnityEngine.Object, UnityEngine
            m_IntArgument: 0
            m_FloatArgument: 0
            m_StringArgument: 
            m_BoolArgument: 0
          m_CallState: 2
      m_TypeName: UnityEngine.EventSystems.EventTrigger+TriggerEvent, UnityEngine.UI,
        Version=1.0.0.0, Culture=neutral, PublicKeyToken=null
  - eventID: 1
    callback:
      m_PersistentCalls:
        m_Calls:
        - m_Target: {fileID: 1380101991}
          m_MethodName: OnGazeOut
          m_Mode: 1
          m_Arguments:
            m_ObjectArgument: {fileID: 0}
            m_ObjectArgumentAssemblyTypeName: UnityEngine.Object, UnityEngine
            m_IntArgument: 0
            m_FloatArgument: 0
            m_StringArgument: 
            m_BoolArgument: 0
          m_CallState: 2
      m_TypeName: UnityEngine.EventSystems.EventTrigger+TriggerEvent, UnityEngine.UI,
        Version=1.0.0.0, Culture=neutral, PublicKeyToken=null
  delegates: []
--- !u!114 &1380101993
MonoBehaviour:
  m_ObjectHideFlags: 0
  m_PrefabParentObject: {fileID: 114936247198827490, guid: 30b09ad37ac75324b988922a65df1e23,
    type: 2}
  m_PrefabInternal: {fileID: 0}
  m_GameObject: {fileID: 1380101989}
  m_Enabled: 1
  m_EditorHideFlags: 0
  m_Script: {fileID: -765806418, guid: f70555f144d8491a825f0804e09c671c, type: 3}
  m_Name: 
  m_EditorClassIdentifier: 
  m_Material: {fileID: 0}
  m_Color: {r: 1, g: 1, b: 1, a: 0}
  m_RaycastTarget: 1
  m_OnCullStateChanged:
    m_PersistentCalls:
      m_Calls: []
    m_TypeName: UnityEngine.UI.MaskableGraphic+CullStateChangedEvent, UnityEngine.UI,
      Version=1.0.0.0, Culture=neutral, PublicKeyToken=null
  m_Sprite: {fileID: 0}
  m_Type: 1
  m_PreserveAspect: 0
  m_FillCenter: 1
  m_FillMethod: 4
  m_FillAmount: 1
  m_FillClockwise: 1
  m_FillOrigin: 0
--- !u!222 &1380101994
CanvasRenderer:
  m_ObjectHideFlags: 0
  m_PrefabParentObject: {fileID: 222494879792060902, guid: 30b09ad37ac75324b988922a65df1e23,
    type: 2}
  m_PrefabInternal: {fileID: 0}
  m_GameObject: {fileID: 1380101989}
--- !u!114 &1380101995
MonoBehaviour:
  m_ObjectHideFlags: 0
  m_PrefabParentObject: {fileID: 114063023849422322, guid: 30b09ad37ac75324b988922a65df1e23,
    type: 2}
  m_PrefabInternal: {fileID: 0}
  m_GameObject: {fileID: 1380101989}
  m_Enabled: 1
  m_EditorHideFlags: 0
  m_Script: {fileID: 11500000, guid: 739800cd36aba44e9b04ce977e5784bd, type: 3}
  m_Name: 
  m_EditorClassIdentifier: 
  ignoreReversedGraphics: 1
  blockingObjects: 0
  blockingMask:
    serializedVersion: 2
    m_Bits: 4294967295
--- !u!114 &1380101996
MonoBehaviour:
  m_ObjectHideFlags: 0
  m_PrefabParentObject: {fileID: 114263387736045212, guid: 30b09ad37ac75324b988922a65df1e23,
    type: 2}
  m_PrefabInternal: {fileID: 0}
  m_GameObject: {fileID: 1380101989}
  m_Enabled: 1
  m_EditorHideFlags: 0
  m_Script: {fileID: 1980459831, guid: f70555f144d8491a825f0804e09c671c, type: 3}
  m_Name: 
  m_EditorClassIdentifier: 
  m_UiScaleMode: 0
  m_ReferencePixelsPerUnit: 100
  m_ScaleFactor: 1
  m_ReferenceResolution: {x: 800, y: 600}
  m_ScreenMatchMode: 0
  m_MatchWidthOrHeight: 0
  m_PhysicalUnit: 3
  m_FallbackScreenDPI: 96
  m_DefaultSpriteDPI: 96
  m_DynamicPixelsPerUnit: 1
--- !u!223 &1380101997
Canvas:
  m_ObjectHideFlags: 0
  m_PrefabParentObject: {fileID: 223351616450207464, guid: 30b09ad37ac75324b988922a65df1e23,
    type: 2}
  m_PrefabInternal: {fileID: 0}
  m_GameObject: {fileID: 1380101989}
  m_Enabled: 1
  serializedVersion: 3
  m_RenderMode: 2
  m_Camera: {fileID: 0}
  m_PlaneDistance: 100
  m_PixelPerfect: 0
  m_ReceivesEvents: 1
  m_OverrideSorting: 0
  m_OverridePixelPerfect: 0
  m_SortingBucketNormalizedSize: 0
  m_AdditionalShaderChannelsFlag: 0
  m_SortingLayerID: 0
  m_SortingOrder: 0
  m_TargetDisplay: 0
--- !u!1 &1408887198
GameObject:
  m_ObjectHideFlags: 0
  m_PrefabParentObject: {fileID: 1300954876891044, guid: 30b09ad37ac75324b988922a65df1e23,
    type: 2}
  m_PrefabInternal: {fileID: 0}
  serializedVersion: 5
  m_Component:
  - component: {fileID: 1408887199}
  - component: {fileID: 1408887204}
  - component: {fileID: 1408887203}
  - component: {fileID: 1408887202}
  - component: {fileID: 1408887201}
  - component: {fileID: 1408887200}
  m_Layer: 5
  m_Name: ReplayBtn
  m_TagString: Untagged
  m_Icon: {fileID: 0}
  m_NavMeshLayer: 0
  m_StaticEditorFlags: 0
  m_IsActive: 0
--- !u!224 &1408887199
RectTransform:
  m_ObjectHideFlags: 0
  m_PrefabParentObject: {fileID: 224627862545275768, guid: 30b09ad37ac75324b988922a65df1e23,
    type: 2}
  m_PrefabInternal: {fileID: 0}
  m_GameObject: {fileID: 1408887198}
  m_LocalRotation: {x: 0, y: 0, z: 0, w: 1}
  m_LocalPosition: {x: 0, y: 0, z: 0}
  m_LocalScale: {x: 0.010000002, y: 0.01, z: 0.010000002}
  m_Children:
  - {fileID: 589922127}
  - {fileID: 1129372191}
  m_Father: {fileID: 741710825}
  m_RootOrder: 0
  m_LocalEulerAnglesHint: {x: 0, y: 0, z: 0}
  m_AnchorMin: {x: 0, y: 0}
  m_AnchorMax: {x: 0, y: 0}
  m_AnchoredPosition: {x: -0.37, y: 0}
  m_SizeDelta: {x: 250, y: 260}
  m_Pivot: {x: 0.5, y: 0.5}
--- !u!114 &1408887200
MonoBehaviour:
  m_ObjectHideFlags: 0
  m_PrefabParentObject: {fileID: 114942918857511080, guid: 30b09ad37ac75324b988922a65df1e23,
    type: 2}
  m_PrefabInternal: {fileID: 0}
  m_GameObject: {fileID: 1408887198}
  m_Enabled: 1
  m_EditorHideFlags: 0
  m_Script: {fileID: 11500000, guid: 3b4a0dfee9f50884283ae64410fcf13c, type: 3}
  m_Name: 
  m_EditorClassIdentifier: 
  fillBar: {fileID: 1129372192}
  fillTime: 2
--- !u!114 &1408887201
MonoBehaviour:
  m_ObjectHideFlags: 0
  m_PrefabParentObject: {fileID: 114970855126267622, guid: 30b09ad37ac75324b988922a65df1e23,
    type: 2}
  m_PrefabInternal: {fileID: 0}
  m_GameObject: {fileID: 1408887198}
  m_Enabled: 1
  m_EditorHideFlags: 0
  m_Script: {fileID: -1862395651, guid: f70555f144d8491a825f0804e09c671c, type: 3}
  m_Name: 
  m_EditorClassIdentifier: 
  m_Delegates:
  - eventID: 0
    callback:
      m_PersistentCalls:
        m_Calls:
        - m_Target: {fileID: 1408887200}
          m_MethodName: OnGazeOver
          m_Mode: 1
          m_Arguments:
            m_ObjectArgument: {fileID: 0}
            m_ObjectArgumentAssemblyTypeName: UnityEngine.Object, UnityEngine
            m_IntArgument: 0
            m_FloatArgument: 0
            m_StringArgument: 
            m_BoolArgument: 0
          m_CallState: 2
      m_TypeName: UnityEngine.EventSystems.EventTrigger+TriggerEvent, UnityEngine.UI,
        Version=1.0.0.0, Culture=neutral, PublicKeyToken=null
  - eventID: 1
    callback:
      m_PersistentCalls:
        m_Calls:
        - m_Target: {fileID: 1408887200}
          m_MethodName: OnGazeOut
          m_Mode: 1
          m_Arguments:
            m_ObjectArgument: {fileID: 0}
            m_ObjectArgumentAssemblyTypeName: UnityEngine.Object, UnityEngine
            m_IntArgument: 0
            m_FloatArgument: 0
            m_StringArgument: 
            m_BoolArgument: 0
          m_CallState: 2
      m_TypeName: UnityEngine.EventSystems.EventTrigger+TriggerEvent, UnityEngine.UI,
        Version=1.0.0.0, Culture=neutral, PublicKeyToken=null
  delegates: []
--- !u!114 &1408887202
MonoBehaviour:
  m_ObjectHideFlags: 0
  m_PrefabParentObject: {fileID: 114460428816246886, guid: 30b09ad37ac75324b988922a65df1e23,
    type: 2}
  m_PrefabInternal: {fileID: 0}
  m_GameObject: {fileID: 1408887198}
  m_Enabled: 1
  m_EditorHideFlags: 0
  m_Script: {fileID: 11500000, guid: 739800cd36aba44e9b04ce977e5784bd, type: 3}
  m_Name: 
  m_EditorClassIdentifier: 
  ignoreReversedGraphics: 0
  blockingObjects: 0
  blockingMask:
    serializedVersion: 2
    m_Bits: 0
--- !u!114 &1408887203
MonoBehaviour:
  m_ObjectHideFlags: 0
  m_PrefabParentObject: {fileID: 114538150409919436, guid: 30b09ad37ac75324b988922a65df1e23,
    type: 2}
  m_PrefabInternal: {fileID: 0}
  m_GameObject: {fileID: 1408887198}
  m_Enabled: 1
  m_EditorHideFlags: 0
  m_Script: {fileID: 1980459831, guid: f5f67c52d1564df4a8936ccd202a3bd8, type: 3}
  m_Name: 
  m_EditorClassIdentifier: 
  m_UiScaleMode: 0
  m_ReferencePixelsPerUnit: 100
  m_ScaleFactor: 1
  m_ReferenceResolution: {x: 800, y: 600}
  m_ScreenMatchMode: 0
  m_MatchWidthOrHeight: 0
  m_PhysicalUnit: 3
  m_FallbackScreenDPI: 96
  m_DefaultSpriteDPI: 96
  m_DynamicPixelsPerUnit: 1
--- !u!223 &1408887204
Canvas:
  m_ObjectHideFlags: 0
  m_PrefabParentObject: {fileID: 223190454949591718, guid: 30b09ad37ac75324b988922a65df1e23,
    type: 2}
  m_PrefabInternal: {fileID: 0}
  m_GameObject: {fileID: 1408887198}
  m_Enabled: 1
  serializedVersion: 3
  m_RenderMode: 2
  m_Camera: {fileID: 0}
  m_PlaneDistance: 100
  m_PixelPerfect: 0
  m_ReceivesEvents: 1
  m_OverrideSorting: 0
  m_OverridePixelPerfect: 0
  m_SortingBucketNormalizedSize: 0
  m_AdditionalShaderChannelsFlag: 25
  m_SortingLayerID: 0
  m_SortingOrder: 0
  m_TargetDisplay: 0
--- !u!1 &1450058708
GameObject:
  m_ObjectHideFlags: 0
  m_PrefabParentObject: {fileID: 1515939273408860, guid: 30b09ad37ac75324b988922a65df1e23,
    type: 2}
  m_PrefabInternal: {fileID: 0}
  serializedVersion: 5
  m_Component:
  - component: {fileID: 1450058709}
  - component: {fileID: 1450058716}
  - component: {fileID: 1450058715}
  - component: {fileID: 1450058713}
  - component: {fileID: 1450058712}
  m_Layer: 0
  m_Name: Canvas bg
  m_TagString: Untagged
  m_Icon: {fileID: 0}
  m_NavMeshLayer: 0
  m_StaticEditorFlags: 0
  m_IsActive: 1
--- !u!224 &1450058709
RectTransform:
  m_ObjectHideFlags: 0
  m_PrefabParentObject: {fileID: 224131279303828616, guid: 30b09ad37ac75324b988922a65df1e23,
    type: 2}
  m_PrefabInternal: {fileID: 0}
  m_GameObject: {fileID: 1450058708}
  m_LocalRotation: {x: -0, y: -0.97180355, z: -0, w: 0.23579222}
  m_LocalPosition: {x: 0, y: 0, z: -2.37}
  m_LocalScale: {x: 1, y: 1, z: 1}
  m_Children: []
  m_Father: {fileID: 678930908}
  m_RootOrder: 0
  m_LocalEulerAnglesHint: {x: 0, y: -152.723, z: 0}
  m_AnchorMin: {x: 0.5, y: 0.5}
  m_AnchorMax: {x: 0.5, y: 0.5}
  m_AnchoredPosition: {x: -0.73, y: -1.42}
  m_SizeDelta: {x: 5.12, y: 5.12}
  m_Pivot: {x: 0.5, y: 0.5}
--- !u!114 &1450058712
MonoBehaviour:
  m_ObjectHideFlags: 0
  m_PrefabParentObject: {fileID: 114936247198827490, guid: 30b09ad37ac75324b988922a65df1e23,
    type: 2}
  m_PrefabInternal: {fileID: 0}
  m_GameObject: {fileID: 1450058708}
  m_Enabled: 1
  m_EditorHideFlags: 0
  m_Script: {fileID: -765806418, guid: f70555f144d8491a825f0804e09c671c, type: 3}
  m_Name: 
  m_EditorClassIdentifier: 
  m_Material: {fileID: 0}
  m_Color: {r: 1, g: 1, b: 1, a: 1}
  m_RaycastTarget: 1
  m_OnCullStateChanged:
    m_PersistentCalls:
      m_Calls: []
    m_TypeName: UnityEngine.UI.MaskableGraphic+CullStateChangedEvent, UnityEngine.UI,
      Version=1.0.0.0, Culture=neutral, PublicKeyToken=null
  m_Sprite: {fileID: 21300000, guid: 2f274ed1765f34048a9ccbc6d80b3297, type: 3}
  m_Type: 0
  m_PreserveAspect: 1
  m_FillCenter: 1
  m_FillMethod: 4
  m_FillAmount: 1
  m_FillClockwise: 1
  m_FillOrigin: 0
--- !u!222 &1450058713
CanvasRenderer:
  m_ObjectHideFlags: 0
  m_PrefabParentObject: {fileID: 222494879792060902, guid: 30b09ad37ac75324b988922a65df1e23,
    type: 2}
  m_PrefabInternal: {fileID: 0}
  m_GameObject: {fileID: 1450058708}
--- !u!114 &1450058715
MonoBehaviour:
  m_ObjectHideFlags: 0
  m_PrefabParentObject: {fileID: 114263387736045212, guid: 30b09ad37ac75324b988922a65df1e23,
    type: 2}
  m_PrefabInternal: {fileID: 0}
  m_GameObject: {fileID: 1450058708}
  m_Enabled: 1
  m_EditorHideFlags: 0
  m_Script: {fileID: 1980459831, guid: f70555f144d8491a825f0804e09c671c, type: 3}
  m_Name: 
  m_EditorClassIdentifier: 
  m_UiScaleMode: 0
  m_ReferencePixelsPerUnit: 100
  m_ScaleFactor: 1
  m_ReferenceResolution: {x: 800, y: 600}
  m_ScreenMatchMode: 0
  m_MatchWidthOrHeight: 0
  m_PhysicalUnit: 3
  m_FallbackScreenDPI: 96
  m_DefaultSpriteDPI: 96
  m_DynamicPixelsPerUnit: 1
--- !u!223 &1450058716
Canvas:
  m_ObjectHideFlags: 0
  m_PrefabParentObject: {fileID: 223351616450207464, guid: 30b09ad37ac75324b988922a65df1e23,
    type: 2}
  m_PrefabInternal: {fileID: 0}
  m_GameObject: {fileID: 1450058708}
  m_Enabled: 1
  serializedVersion: 3
  m_RenderMode: 2
  m_Camera: {fileID: 0}
  m_PlaneDistance: 100
  m_PixelPerfect: 0
  m_ReceivesEvents: 1
  m_OverrideSorting: 0
  m_OverridePixelPerfect: 0
  m_SortingBucketNormalizedSize: 0
  m_AdditionalShaderChannelsFlag: 0
  m_SortingLayerID: 0
  m_SortingOrder: 1
  m_TargetDisplay: 0
--- !u!1 &1768957018
GameObject:
  m_ObjectHideFlags: 0
  m_PrefabParentObject: {fileID: 1900231080767464, guid: 30b09ad37ac75324b988922a65df1e23,
    type: 2}
  m_PrefabInternal: {fileID: 0}
  serializedVersion: 5
  m_Component:
  - component: {fileID: 1768957019}
  m_Layer: 0
  m_Name: PopUpHolder
  m_TagString: PopUpHolder
  m_Icon: {fileID: 0}
  m_NavMeshLayer: 0
  m_StaticEditorFlags: 0
  m_IsActive: 1
--- !u!4 &1768957019
Transform:
  m_ObjectHideFlags: 0
  m_PrefabParentObject: {fileID: 4895241453314610, guid: 30b09ad37ac75324b988922a65df1e23,
    type: 2}
  m_PrefabInternal: {fileID: 0}
  m_GameObject: {fileID: 1768957018}
  m_LocalRotation: {x: 0.10452846, y: 0, z: 0, w: 0.9945219}
  m_LocalPosition: {x: -0.52, y: -0.91, z: 4.92}
  m_LocalScale: {x: 1, y: 1, z: 1}
  m_Children: []
  m_Father: {fileID: 367872979}
  m_RootOrder: 8
  m_LocalEulerAnglesHint: {x: 12, y: 0, z: 0}
--- !u!1 &1778132506
GameObject:
  m_ObjectHideFlags: 0
  m_PrefabParentObject: {fileID: 1184441933073594, guid: 30b09ad37ac75324b988922a65df1e23,
    type: 2}
  m_PrefabInternal: {fileID: 0}
  serializedVersion: 5
  m_Component:
  - component: {fileID: 1778132507}
  m_Layer: 0
  m_Name: LinkerSchouder
  m_TagString: Untagged
  m_Icon: {fileID: 0}
  m_NavMeshLayer: 0
  m_StaticEditorFlags: 0
  m_IsActive: 1
--- !u!4 &1778132507
Transform:
  m_ObjectHideFlags: 0
  m_PrefabParentObject: {fileID: 4938645132993974, guid: 30b09ad37ac75324b988922a65df1e23,
    type: 2}
  m_PrefabInternal: {fileID: 0}
  m_GameObject: {fileID: 1778132506}
  m_LocalRotation: {x: -0, y: -0, z: -0, w: 1}
  m_LocalPosition: {x: 0, y: 0, z: 1}
  m_LocalScale: {x: 1, y: 1, z: 1}
  m_Children:
  - {fileID: 1380101990}
  m_Father: {fileID: 367872979}
  m_RootOrder: 0
  m_LocalEulerAnglesHint: {x: 0, y: 0, z: 0}
--- !u!1 &1802929489
GameObject:
  m_ObjectHideFlags: 0
  m_PrefabParentObject: {fileID: 1875267106307228, guid: 30b09ad37ac75324b988922a65df1e23,
    type: 2}
  m_PrefabInternal: {fileID: 0}
  serializedVersion: 5
  m_Component:
  - component: {fileID: 1802929490}
  - component: {fileID: 1802929497}
  - component: {fileID: 1802929496}
  - component: {fileID: 1802929495}
  - component: {fileID: 1802929494}
  - component: {fileID: 1802929493}
  - component: {fileID: 1802929492}
  - component: {fileID: 1802929491}
  m_Layer: 0
  m_Name: Canvas
  m_TagString: Untagged
  m_Icon: {fileID: 0}
  m_NavMeshLayer: 0
  m_StaticEditorFlags: 0
  m_IsActive: 1
--- !u!224 &1802929490
RectTransform:
  m_ObjectHideFlags: 0
  m_PrefabParentObject: {fileID: 224779704246287572, guid: 30b09ad37ac75324b988922a65df1e23,
    type: 2}
  m_PrefabInternal: {fileID: 0}
  m_GameObject: {fileID: 1802929489}
  m_LocalRotation: {x: -0, y: -0.15548642, z: -0, w: 0.98783803}
  m_LocalPosition: {x: 0, y: 0, z: 5.14}
  m_LocalScale: {x: 1, y: 1, z: 1}
  m_Children: []
  m_Father: {fileID: 1986428156}
  m_RootOrder: 0
  m_LocalEulerAnglesHint: {x: 0, y: -17.890001, z: 0}
  m_AnchorMin: {x: 0.5, y: 0.5}
  m_AnchorMax: {x: 0.5, y: 0.5}
  m_AnchoredPosition: {x: -1.64, y: 0.42}
  m_SizeDelta: {x: 3.47, y: 3.285}
  m_Pivot: {x: 0.5, y: 0.5}
--- !u!114 &1802929491
MonoBehaviour:
  m_ObjectHideFlags: 0
  m_PrefabParentObject: {fileID: 114156948999841570, guid: 30b09ad37ac75324b988922a65df1e23,
    type: 2}
  m_PrefabInternal: {fileID: 0}
  m_GameObject: {fileID: 1802929489}
  m_Enabled: 1
  m_EditorHideFlags: 0
  m_Script: {fileID: 11500000, guid: 2867575edab82c64c964e50fd98af49e, type: 3}
  m_Name: 
  m_EditorClassIdentifier: 
  timeToComplete: 0.3
--- !u!114 &1802929492
MonoBehaviour:
  m_ObjectHideFlags: 0
  m_PrefabParentObject: {fileID: 114566123006631556, guid: 30b09ad37ac75324b988922a65df1e23,
    type: 2}
  m_PrefabInternal: {fileID: 0}
  m_GameObject: {fileID: 1802929489}
  m_Enabled: 1
  m_EditorHideFlags: 0
  m_Script: {fileID: -1862395651, guid: f70555f144d8491a825f0804e09c671c, type: 3}
  m_Name: 
  m_EditorClassIdentifier: 
  m_Delegates:
  - eventID: 0
    callback:
      m_PersistentCalls:
        m_Calls:
        - m_Target: {fileID: 1802929491}
          m_MethodName: OnGazeOver
          m_Mode: 1
          m_Arguments:
            m_ObjectArgument: {fileID: 0}
            m_ObjectArgumentAssemblyTypeName: UnityEngine.Object, UnityEngine
            m_IntArgument: 0
            m_FloatArgument: 0
            m_StringArgument: 
            m_BoolArgument: 0
          m_CallState: 2
      m_TypeName: UnityEngine.EventSystems.EventTrigger+TriggerEvent, UnityEngine.UI,
        Version=1.0.0.0, Culture=neutral, PublicKeyToken=null
  - eventID: 1
    callback:
      m_PersistentCalls:
        m_Calls:
        - m_Target: {fileID: 1802929491}
          m_MethodName: OnGazeOut
          m_Mode: 1
          m_Arguments:
            m_ObjectArgument: {fileID: 0}
            m_ObjectArgumentAssemblyTypeName: UnityEngine.Object, UnityEngine
            m_IntArgument: 0
            m_FloatArgument: 0
            m_StringArgument: 
            m_BoolArgument: 0
          m_CallState: 2
      m_TypeName: UnityEngine.EventSystems.EventTrigger+TriggerEvent, UnityEngine.UI,
        Version=1.0.0.0, Culture=neutral, PublicKeyToken=null
  delegates: []
--- !u!114 &1802929493
MonoBehaviour:
  m_ObjectHideFlags: 0
  m_PrefabParentObject: {fileID: 114982613030706024, guid: 30b09ad37ac75324b988922a65df1e23,
    type: 2}
  m_PrefabInternal: {fileID: 0}
  m_GameObject: {fileID: 1802929489}
  m_Enabled: 1
  m_EditorHideFlags: 0
  m_Script: {fileID: -765806418, guid: f70555f144d8491a825f0804e09c671c, type: 3}
  m_Name: 
  m_EditorClassIdentifier: 
  m_Material: {fileID: 0}
  m_Color: {r: 1, g: 1, b: 1, a: 0}
  m_RaycastTarget: 1
  m_OnCullStateChanged:
    m_PersistentCalls:
      m_Calls: []
    m_TypeName: UnityEngine.UI.MaskableGraphic+CullStateChangedEvent, UnityEngine.UI,
      Version=1.0.0.0, Culture=neutral, PublicKeyToken=null
  m_Sprite: {fileID: 0}
  m_Type: 1
  m_PreserveAspect: 0
  m_FillCenter: 1
  m_FillMethod: 4
  m_FillAmount: 1
  m_FillClockwise: 1
  m_FillOrigin: 0
--- !u!222 &1802929494
CanvasRenderer:
  m_ObjectHideFlags: 0
  m_PrefabParentObject: {fileID: 222176742705452728, guid: 30b09ad37ac75324b988922a65df1e23,
    type: 2}
  m_PrefabInternal: {fileID: 0}
  m_GameObject: {fileID: 1802929489}
--- !u!114 &1802929495
MonoBehaviour:
  m_ObjectHideFlags: 0
  m_PrefabParentObject: {fileID: 114479854066299424, guid: 30b09ad37ac75324b988922a65df1e23,
    type: 2}
  m_PrefabInternal: {fileID: 0}
  m_GameObject: {fileID: 1802929489}
  m_Enabled: 1
  m_EditorHideFlags: 0
  m_Script: {fileID: 11500000, guid: 739800cd36aba44e9b04ce977e5784bd, type: 3}
  m_Name: 
  m_EditorClassIdentifier: 
  ignoreReversedGraphics: 1
  blockingObjects: 0
  blockingMask:
    serializedVersion: 2
    m_Bits: 4294967295
--- !u!114 &1802929496
MonoBehaviour:
  m_ObjectHideFlags: 0
  m_PrefabParentObject: {fileID: 114862492878029972, guid: 30b09ad37ac75324b988922a65df1e23,
    type: 2}
  m_PrefabInternal: {fileID: 0}
  m_GameObject: {fileID: 1802929489}
  m_Enabled: 1
  m_EditorHideFlags: 0
  m_Script: {fileID: 1980459831, guid: f70555f144d8491a825f0804e09c671c, type: 3}
  m_Name: 
  m_EditorClassIdentifier: 
  m_UiScaleMode: 0
  m_ReferencePixelsPerUnit: 100
  m_ScaleFactor: 1
  m_ReferenceResolution: {x: 800, y: 600}
  m_ScreenMatchMode: 0
  m_MatchWidthOrHeight: 0
  m_PhysicalUnit: 3
  m_FallbackScreenDPI: 96
  m_DefaultSpriteDPI: 96
  m_DynamicPixelsPerUnit: 1
--- !u!223 &1802929497
Canvas:
  m_ObjectHideFlags: 0
  m_PrefabParentObject: {fileID: 223862630070347372, guid: 30b09ad37ac75324b988922a65df1e23,
    type: 2}
  m_PrefabInternal: {fileID: 0}
  m_GameObject: {fileID: 1802929489}
  m_Enabled: 1
  serializedVersion: 3
  m_RenderMode: 2
  m_Camera: {fileID: 0}
  m_PlaneDistance: 100
  m_PixelPerfect: 0
  m_ReceivesEvents: 1
  m_OverrideSorting: 0
  m_OverridePixelPerfect: 0
  m_SortingBucketNormalizedSize: 0
  m_AdditionalShaderChannelsFlag: 0
  m_SortingLayerID: 0
  m_SortingOrder: 0
  m_TargetDisplay: 0
--- !u!1 &1918625856
GameObject:
  m_ObjectHideFlags: 0
  m_PrefabParentObject: {fileID: 1875267106307228, guid: 30b09ad37ac75324b988922a65df1e23,
    type: 2}
  m_PrefabInternal: {fileID: 0}
  serializedVersion: 5
  m_Component:
  - component: {fileID: 1918625857}
  - component: {fileID: 1918625864}
  - component: {fileID: 1918625863}
  - component: {fileID: 1918625862}
  - component: {fileID: 1918625861}
  - component: {fileID: 1918625860}
  - component: {fileID: 1918625859}
  - component: {fileID: 1918625858}
  m_Layer: 0
  m_Name: Canvas
  m_TagString: Untagged
  m_Icon: {fileID: 0}
  m_NavMeshLayer: 0
  m_StaticEditorFlags: 0
  m_IsActive: 1
--- !u!224 &1918625857
RectTransform:
  m_ObjectHideFlags: 0
  m_PrefabParentObject: {fileID: 224779704246287572, guid: 30b09ad37ac75324b988922a65df1e23,
    type: 2}
  m_PrefabInternal: {fileID: 0}
  m_GameObject: {fileID: 1918625856}
  m_LocalRotation: {x: -0, y: 0.0151027115, z: -0, w: 0.999886}
  m_LocalPosition: {x: 0, y: 0, z: 2.783}
  m_LocalScale: {x: 1, y: 1, z: 1}
  m_Children: []
  m_Father: {fileID: 1348643092}
  m_RootOrder: 0
  m_LocalEulerAnglesHint: {x: 0, y: 1.7310001, z: 0}
  m_AnchorMin: {x: 0.5, y: 0.5}
  m_AnchorMax: {x: 0.5, y: 0.5}
  m_AnchoredPosition: {x: 1.304, y: 0.283}
  m_SizeDelta: {x: 4.167, y: 1.8597}
  m_Pivot: {x: 0.5, y: 0.5}
--- !u!114 &1918625858
MonoBehaviour:
  m_ObjectHideFlags: 0
  m_PrefabParentObject: {fileID: 114156948999841570, guid: 30b09ad37ac75324b988922a65df1e23,
    type: 2}
  m_PrefabInternal: {fileID: 0}
  m_GameObject: {fileID: 1918625856}
  m_Enabled: 1
  m_EditorHideFlags: 0
  m_Script: {fileID: 11500000, guid: 2867575edab82c64c964e50fd98af49e, type: 3}
  m_Name: 
  m_EditorClassIdentifier: 
  timeToComplete: 0.3
--- !u!114 &1918625859
MonoBehaviour:
  m_ObjectHideFlags: 0
  m_PrefabParentObject: {fileID: 114566123006631556, guid: 30b09ad37ac75324b988922a65df1e23,
    type: 2}
  m_PrefabInternal: {fileID: 0}
  m_GameObject: {fileID: 1918625856}
  m_Enabled: 1
  m_EditorHideFlags: 0
  m_Script: {fileID: -1862395651, guid: f70555f144d8491a825f0804e09c671c, type: 3}
  m_Name: 
  m_EditorClassIdentifier: 
  m_Delegates:
  - eventID: 0
    callback:
      m_PersistentCalls:
        m_Calls:
        - m_Target: {fileID: 1918625858}
          m_MethodName: OnGazeOver
          m_Mode: 1
          m_Arguments:
            m_ObjectArgument: {fileID: 0}
            m_ObjectArgumentAssemblyTypeName: UnityEngine.Object, UnityEngine
            m_IntArgument: 0
            m_FloatArgument: 0
            m_StringArgument: 
            m_BoolArgument: 0
          m_CallState: 2
      m_TypeName: UnityEngine.EventSystems.EventTrigger+TriggerEvent, UnityEngine.UI,
        Version=1.0.0.0, Culture=neutral, PublicKeyToken=null
  - eventID: 1
    callback:
      m_PersistentCalls:
        m_Calls:
        - m_Target: {fileID: 1918625858}
          m_MethodName: OnGazeOut
          m_Mode: 1
          m_Arguments:
            m_ObjectArgument: {fileID: 0}
            m_ObjectArgumentAssemblyTypeName: UnityEngine.Object, UnityEngine
            m_IntArgument: 0
            m_FloatArgument: 0
            m_StringArgument: 
            m_BoolArgument: 0
          m_CallState: 2
      m_TypeName: UnityEngine.EventSystems.EventTrigger+TriggerEvent, UnityEngine.UI,
        Version=1.0.0.0, Culture=neutral, PublicKeyToken=null
  delegates: []
--- !u!114 &1918625860
MonoBehaviour:
  m_ObjectHideFlags: 0
  m_PrefabParentObject: {fileID: 114982613030706024, guid: 30b09ad37ac75324b988922a65df1e23,
    type: 2}
  m_PrefabInternal: {fileID: 0}
  m_GameObject: {fileID: 1918625856}
  m_Enabled: 1
  m_EditorHideFlags: 0
  m_Script: {fileID: -765806418, guid: f70555f144d8491a825f0804e09c671c, type: 3}
  m_Name: 
  m_EditorClassIdentifier: 
  m_Material: {fileID: 0}
  m_Color: {r: 1, g: 1, b: 1, a: 0}
  m_RaycastTarget: 1
  m_OnCullStateChanged:
    m_PersistentCalls:
      m_Calls: []
    m_TypeName: UnityEngine.UI.MaskableGraphic+CullStateChangedEvent, UnityEngine.UI,
      Version=1.0.0.0, Culture=neutral, PublicKeyToken=null
  m_Sprite: {fileID: 0}
  m_Type: 1
  m_PreserveAspect: 0
  m_FillCenter: 1
  m_FillMethod: 4
  m_FillAmount: 1
  m_FillClockwise: 1
  m_FillOrigin: 0
--- !u!222 &1918625861
CanvasRenderer:
  m_ObjectHideFlags: 0
  m_PrefabParentObject: {fileID: 222176742705452728, guid: 30b09ad37ac75324b988922a65df1e23,
    type: 2}
  m_PrefabInternal: {fileID: 0}
  m_GameObject: {fileID: 1918625856}
--- !u!114 &1918625862
MonoBehaviour:
  m_ObjectHideFlags: 0
  m_PrefabParentObject: {fileID: 114479854066299424, guid: 30b09ad37ac75324b988922a65df1e23,
    type: 2}
  m_PrefabInternal: {fileID: 0}
  m_GameObject: {fileID: 1918625856}
  m_Enabled: 1
  m_EditorHideFlags: 0
  m_Script: {fileID: 11500000, guid: 739800cd36aba44e9b04ce977e5784bd, type: 3}
  m_Name: 
  m_EditorClassIdentifier: 
  ignoreReversedGraphics: 1
  blockingObjects: 0
  blockingMask:
    serializedVersion: 2
    m_Bits: 4294967295
--- !u!114 &1918625863
MonoBehaviour:
  m_ObjectHideFlags: 0
  m_PrefabParentObject: {fileID: 114862492878029972, guid: 30b09ad37ac75324b988922a65df1e23,
    type: 2}
  m_PrefabInternal: {fileID: 0}
  m_GameObject: {fileID: 1918625856}
  m_Enabled: 1
  m_EditorHideFlags: 0
  m_Script: {fileID: 1980459831, guid: f70555f144d8491a825f0804e09c671c, type: 3}
  m_Name: 
  m_EditorClassIdentifier: 
  m_UiScaleMode: 0
  m_ReferencePixelsPerUnit: 100
  m_ScaleFactor: 1
  m_ReferenceResolution: {x: 800, y: 600}
  m_ScreenMatchMode: 0
  m_MatchWidthOrHeight: 0
  m_PhysicalUnit: 3
  m_FallbackScreenDPI: 96
  m_DefaultSpriteDPI: 96
  m_DynamicPixelsPerUnit: 1
--- !u!223 &1918625864
Canvas:
  m_ObjectHideFlags: 0
  m_PrefabParentObject: {fileID: 223862630070347372, guid: 30b09ad37ac75324b988922a65df1e23,
    type: 2}
  m_PrefabInternal: {fileID: 0}
  m_GameObject: {fileID: 1918625856}
  m_Enabled: 1
  serializedVersion: 3
  m_RenderMode: 2
  m_Camera: {fileID: 0}
  m_PlaneDistance: 100
  m_PixelPerfect: 0
  m_ReceivesEvents: 1
  m_OverrideSorting: 0
  m_OverridePixelPerfect: 0
  m_SortingBucketNormalizedSize: 0
  m_AdditionalShaderChannelsFlag: 0
  m_SortingLayerID: 0
  m_SortingOrder: 0
  m_TargetDisplay: 0
--- !u!1 &1966263819
GameObject:
  m_ObjectHideFlags: 0
  m_PrefabParentObject: {fileID: 1831631552993936, guid: 30b09ad37ac75324b988922a65df1e23,
    type: 2}
  m_PrefabInternal: {fileID: 0}
  serializedVersion: 5
  m_Component:
  - component: {fileID: 1966263820}
  m_Layer: 0
  m_Name: LinkerSpiegel
  m_TagString: Untagged
  m_Icon: {fileID: 0}
  m_NavMeshLayer: 0
  m_StaticEditorFlags: 0
  m_IsActive: 1
--- !u!4 &1966263820
Transform:
  m_ObjectHideFlags: 0
  m_PrefabParentObject: {fileID: 4513095134622108, guid: 30b09ad37ac75324b988922a65df1e23,
    type: 2}
  m_PrefabInternal: {fileID: 0}
  m_GameObject: {fileID: 1966263819}
  m_LocalRotation: {x: -0, y: -0, z: -0, w: 1}
  m_LocalPosition: {x: 0, y: 0, z: 0}
  m_LocalScale: {x: 1, y: 1, z: 1}
  m_Children:
  - {fileID: 495479573}
  m_Father: {fileID: 367872979}
  m_RootOrder: 6
  m_LocalEulerAnglesHint: {x: 0, y: 0, z: 0}
--- !u!1 &1986428155
GameObject:
  m_ObjectHideFlags: 0
  m_PrefabParentObject: {fileID: 1488798764437084, guid: 30b09ad37ac75324b988922a65df1e23,
    type: 2}
  m_PrefabInternal: {fileID: 0}
  serializedVersion: 5
  m_Component:
  - component: {fileID: 1986428156}
  m_Layer: 0
  m_Name: LinksBreed
  m_TagString: Untagged
  m_Icon: {fileID: 0}
  m_NavMeshLayer: 0
  m_StaticEditorFlags: 0
  m_IsActive: 1
--- !u!4 &1986428156
Transform:
  m_ObjectHideFlags: 0
  m_PrefabParentObject: {fileID: 4545113085088160, guid: 30b09ad37ac75324b988922a65df1e23,
    type: 2}
  m_PrefabInternal: {fileID: 0}
  m_GameObject: {fileID: 1986428155}
  m_LocalRotation: {x: -0, y: -0, z: -0, w: 1}
  m_LocalPosition: {x: 0, y: 0, z: 0}
  m_LocalScale: {x: 1, y: 1, z: 1}
  m_Children:
  - {fileID: 1802929490}
  m_Father: {fileID: 367872979}
  m_RootOrder: 1
  m_LocalEulerAnglesHint: {x: 0, y: 0, z: 0}
--- !u!1 &2049006180
GameObject:
  m_ObjectHideFlags: 0
  m_PrefabParentObject: {fileID: 1455552383012544, guid: 30b09ad37ac75324b988922a65df1e23,
    type: 2}
  m_PrefabInternal: {fileID: 0}
  serializedVersion: 5
  m_Component:
  - component: {fileID: 2049006181}
  - component: {fileID: 2049006188}
  - component: {fileID: 2049006187}
  - component: {fileID: 2049006186}
  - component: {fileID: 2049006185}
  - component: {fileID: 2049006184}
  - component: {fileID: 2049006183}
  - component: {fileID: 2049006182}
  m_Layer: 0
  m_Name: Canvas
  m_TagString: Untagged
  m_Icon: {fileID: 0}
  m_NavMeshLayer: 0
  m_StaticEditorFlags: 0
  m_IsActive: 1
--- !u!224 &2049006181
RectTransform:
  m_ObjectHideFlags: 0
  m_PrefabParentObject: {fileID: 224405256525609926, guid: 30b09ad37ac75324b988922a65df1e23,
    type: 2}
  m_PrefabInternal: {fileID: 0}
  m_GameObject: {fileID: 2049006180}
  m_LocalRotation: {x: -0, y: 0.25974202, z: -0, w: 0.96567804}
  m_LocalPosition: {x: 0, y: 0, z: 2.78}
  m_LocalScale: {x: 1, y: 1, z: 1}
  m_Children: []
  m_Father: {fileID: 419467710}
  m_RootOrder: 0
  m_LocalEulerAnglesHint: {x: 0, y: 30.11, z: 0}
  m_AnchorMin: {x: 0.5, y: 0.5}
  m_AnchorMax: {x: 0.5, y: 0.5}
  m_AnchoredPosition: {x: 3.2760875, y: 0.16}
  m_SizeDelta: {x: 2.6821, y: 2.322}
  m_Pivot: {x: 0.5, y: 0.5}
--- !u!114 &2049006182
MonoBehaviour:
  m_ObjectHideFlags: 0
  m_PrefabParentObject: {fileID: 114948379413012558, guid: 30b09ad37ac75324b988922a65df1e23,
    type: 2}
  m_PrefabInternal: {fileID: 0}
  m_GameObject: {fileID: 2049006180}
  m_Enabled: 1
  m_EditorHideFlags: 0
  m_Script: {fileID: 11500000, guid: 2867575edab82c64c964e50fd98af49e, type: 3}
  m_Name: 
  m_EditorClassIdentifier: 
  timeToComplete: 0.3
--- !u!114 &2049006183
MonoBehaviour:
  m_ObjectHideFlags: 0
  m_PrefabParentObject: {fileID: 114493714929336454, guid: 30b09ad37ac75324b988922a65df1e23,
    type: 2}
  m_PrefabInternal: {fileID: 0}
  m_GameObject: {fileID: 2049006180}
  m_Enabled: 1
  m_EditorHideFlags: 0
  m_Script: {fileID: -1862395651, guid: f70555f144d8491a825f0804e09c671c, type: 3}
  m_Name: 
  m_EditorClassIdentifier: 
  m_Delegates:
  - eventID: 0
    callback:
      m_PersistentCalls:
        m_Calls:
        - m_Target: {fileID: 2049006182}
          m_MethodName: OnGazeOver
          m_Mode: 1
          m_Arguments:
            m_ObjectArgument: {fileID: 0}
            m_ObjectArgumentAssemblyTypeName: UnityEngine.Object, UnityEngine
            m_IntArgument: 0
            m_FloatArgument: 0
            m_StringArgument: 
            m_BoolArgument: 0
          m_CallState: 2
      m_TypeName: UnityEngine.EventSystems.EventTrigger+TriggerEvent, UnityEngine.UI,
        Version=1.0.0.0, Culture=neutral, PublicKeyToken=null
  - eventID: 1
    callback:
      m_PersistentCalls:
        m_Calls:
        - m_Target: {fileID: 2049006182}
          m_MethodName: OnGazeOut
          m_Mode: 1
          m_Arguments:
            m_ObjectArgument: {fileID: 0}
            m_ObjectArgumentAssemblyTypeName: UnityEngine.Object, UnityEngine
            m_IntArgument: 0
            m_FloatArgument: 0
            m_StringArgument: 
            m_BoolArgument: 0
          m_CallState: 2
      m_TypeName: UnityEngine.EventSystems.EventTrigger+TriggerEvent, UnityEngine.UI,
        Version=1.0.0.0, Culture=neutral, PublicKeyToken=null
  delegates: []
--- !u!114 &2049006184
MonoBehaviour:
  m_ObjectHideFlags: 0
  m_PrefabParentObject: {fileID: 114132111587916504, guid: 30b09ad37ac75324b988922a65df1e23,
    type: 2}
  m_PrefabInternal: {fileID: 0}
  m_GameObject: {fileID: 2049006180}
  m_Enabled: 1
  m_EditorHideFlags: 0
  m_Script: {fileID: -765806418, guid: f70555f144d8491a825f0804e09c671c, type: 3}
  m_Name: 
  m_EditorClassIdentifier: 
  m_Material: {fileID: 0}
  m_Color: {r: 1, g: 1, b: 1, a: 0}
  m_RaycastTarget: 1
  m_OnCullStateChanged:
    m_PersistentCalls:
      m_Calls: []
    m_TypeName: UnityEngine.UI.MaskableGraphic+CullStateChangedEvent, UnityEngine.UI,
      Version=1.0.0.0, Culture=neutral, PublicKeyToken=null
  m_Sprite: {fileID: 0}
  m_Type: 1
  m_PreserveAspect: 0
  m_FillCenter: 1
  m_FillMethod: 4
  m_FillAmount: 1
  m_FillClockwise: 1
  m_FillOrigin: 0
--- !u!222 &2049006185
CanvasRenderer:
  m_ObjectHideFlags: 0
  m_PrefabParentObject: {fileID: 222919354162267192, guid: 30b09ad37ac75324b988922a65df1e23,
    type: 2}
  m_PrefabInternal: {fileID: 0}
  m_GameObject: {fileID: 2049006180}
--- !u!114 &2049006186
MonoBehaviour:
  m_ObjectHideFlags: 0
  m_PrefabParentObject: {fileID: 114066378295989678, guid: 30b09ad37ac75324b988922a65df1e23,
    type: 2}
  m_PrefabInternal: {fileID: 0}
  m_GameObject: {fileID: 2049006180}
  m_Enabled: 1
  m_EditorHideFlags: 0
  m_Script: {fileID: 11500000, guid: 739800cd36aba44e9b04ce977e5784bd, type: 3}
  m_Name: 
  m_EditorClassIdentifier: 
  ignoreReversedGraphics: 1
  blockingObjects: 0
  blockingMask:
    serializedVersion: 2
    m_Bits: 4294967295
--- !u!114 &2049006187
MonoBehaviour:
  m_ObjectHideFlags: 0
  m_PrefabParentObject: {fileID: 114015056998438282, guid: 30b09ad37ac75324b988922a65df1e23,
    type: 2}
  m_PrefabInternal: {fileID: 0}
  m_GameObject: {fileID: 2049006180}
  m_Enabled: 1
  m_EditorHideFlags: 0
  m_Script: {fileID: 1980459831, guid: f70555f144d8491a825f0804e09c671c, type: 3}
  m_Name: 
  m_EditorClassIdentifier: 
  m_UiScaleMode: 0
  m_ReferencePixelsPerUnit: 100
  m_ScaleFactor: 1
  m_ReferenceResolution: {x: 800, y: 600}
  m_ScreenMatchMode: 0
  m_MatchWidthOrHeight: 0
  m_PhysicalUnit: 3
  m_FallbackScreenDPI: 96
  m_DefaultSpriteDPI: 96
  m_DynamicPixelsPerUnit: 1
--- !u!223 &2049006188
Canvas:
  m_ObjectHideFlags: 0
  m_PrefabParentObject: {fileID: 223681957828442746, guid: 30b09ad37ac75324b988922a65df1e23,
    type: 2}
  m_PrefabInternal: {fileID: 0}
  m_GameObject: {fileID: 2049006180}
  m_Enabled: 1
  serializedVersion: 3
  m_RenderMode: 2
  m_Camera: {fileID: 0}
  m_PlaneDistance: 100
  m_PixelPerfect: 0
  m_ReceivesEvents: 1
  m_OverrideSorting: 0
  m_OverridePixelPerfect: 0
  m_SortingBucketNormalizedSize: 0
  m_AdditionalShaderChannelsFlag: 0
  m_SortingLayerID: 0
  m_SortingOrder: 0
  m_TargetDisplay: 0
--- !u!1001 &2121152268
Prefab:
  m_ObjectHideFlags: 0
  serializedVersion: 2
  m_Modification:
    m_TransformParent: {fileID: 0}
    m_Modifications:
    - target: {fileID: 766346198, guid: 463285ecd6702471a909ba810832bf0e, type: 2}
      propertyPath: m_LocalPosition.x
      value: 0
      objectReference: {fileID: 0}
    - target: {fileID: 766346198, guid: 463285ecd6702471a909ba810832bf0e, type: 2}
      propertyPath: m_LocalPosition.y
      value: 0
      objectReference: {fileID: 0}
    - target: {fileID: 766346198, guid: 463285ecd6702471a909ba810832bf0e, type: 2}
      propertyPath: m_LocalPosition.z
      value: 0
      objectReference: {fileID: 0}
    - target: {fileID: 766346198, guid: 463285ecd6702471a909ba810832bf0e, type: 2}
      propertyPath: m_LocalRotation.x
      value: 0
      objectReference: {fileID: 0}
    - target: {fileID: 766346198, guid: 463285ecd6702471a909ba810832bf0e, type: 2}
      propertyPath: m_LocalRotation.y
      value: 0
      objectReference: {fileID: 0}
    - target: {fileID: 766346198, guid: 463285ecd6702471a909ba810832bf0e, type: 2}
      propertyPath: m_LocalRotation.z
      value: 0
      objectReference: {fileID: 0}
    - target: {fileID: 766346198, guid: 463285ecd6702471a909ba810832bf0e, type: 2}
      propertyPath: m_LocalRotation.w
      value: 1
      objectReference: {fileID: 0}
    - target: {fileID: 766346198, guid: 463285ecd6702471a909ba810832bf0e, type: 2}
      propertyPath: m_RootOrder
      value: 1
      objectReference: {fileID: 0}
    m_RemovedComponents: []
  m_ParentPrefab: {fileID: 100100000, guid: 463285ecd6702471a909ba810832bf0e, type: 2}
  m_IsPrefabParent: 0
